2659 3967
868 904 1301 979 Archimedes
1355 906 1676 978 Dositheo
1735 926 1789 978 s.

436 1076 693 1143 Eorum
736 1078 1243 1159 theorematum,
1296 1099 1466 1165 quae
1511 1078 1594 1145 ad
1639 1076 1973 1145 Cononem
2019 1080 2344 1161 miseram,

290 1204 591 1267 quorum
636 1183 1225 1251 demonstrationes
1264 1207 1520 1269 semper
1565 1207 1670 1251 me
1706 1187 2103 1270 perscribere
2138 1186 2346 1271 iubes,

284 1289 653 1374 plerasque
681 1290 1273 1357 demonstrationes
1301 1292 1374 1357 in
1392 1292 1476 1357 iis
1489 1292 1688 1377 ⁸libris
1706 1293 2102 1377 perscriptas
2119 1292 2346 1377 habes,

288 1416 473 1479 quos
507 1394 890 1464 Heraclides
928 1397 1009 1463 ad
1058 1402 1125 1461 te
1164 1396 1458 1483 pertulit,
1491 1398 1842 1465 nonnullas
1879 1403 2098 1465 autem
2143 1400 2344 1465 etiam

290 1501 435 1567 hoe
486 1502 661 1569 libro
711 1504 1111 1587 perscriptas
1167 1502 1249 1567 ad
1302 1507 1371 1567 te
1427 1504 1637 1571 mitto.
1726 1526 1855 1571 neu
1909 1505 2186 1571 miratus
2232 1506 2345 1589 sis,

298 1609 360 1673 si
410 1608 659 1675 diutius
703 1614 997 1677 moratus
1042 1610 1628 1677 demonstrationes
1675 1632 1902 1677 eorum
1949 1612 2138 1679 edidi.
2217 1610 2346 1677 hoe

296 1714 483 1779 enim
521 1736 599 1781 ea
634 1716 715 1793 de
750 1738 949 1781 causa
982 1716 1231 1783 factum
1269 1721 1392 1802 est,
1443 1702 1617 1801 quod
1654 1717 1834 1801 prius
1873 1739 1949 1781 ea
1982 1718 2164 1783 uolui
2200 1739 2342 1801 per-

299 1822 569 1887 mittere
624 1822 1114 1889 mathematioes
1170 1816 1508 1905 studiosis,
1564 1811 1630 1887 et
1684 1822 1797 1907 qui
1849 1823 1980 1906 ipsi
2041 1844 2118 1887 ea
2163 1844 2338 1887 soru-

298 1927 438 1991 tari
482 1928 729 2006 malint.
820 1932 981 2013 quot
1027 1929 1202 1995 enim
1248 1928 1645 2014 geometriae
1691 1928 2128 2012 theoremata,
2175 1950 2342 2013 quae

303 2033 499 2099 initio
538 2033 832 2100 difficilia
866 2035 1139 2101 inuentu
1172 2034 1581 2119 uidebantur,
1625 2038 1856 2120 postea
1889 2034 2154 2099 tandem
2190 2057 2342 2101 oon-

300 2139 483 2205 feota
526 2140 727 2205 sunt?
782 2137 1012 2206 Conon
1046 2140 1269 2227 igitur,
1316 2144 1664 2226 antequam
1704 2141 1866 2206 satis
1903 2142 2216 2226 temporis
2257 2143 2341 2207 ad

303 2267 389 2309 ea
431 2245 901 2329 perscrutanda
946 2247 1007 2311 ei
1052 2246 1358 2331 contigit,
1403 2250 1699 2313 mortuus
1746 2250 1872 2333 est3
1925 2248 2216 2333 alioquin
2261 2270 2342 2313 ea

301 2351 734 2437 illustrasset,
787 2351 891 2417 his
950 2353 1256 2419 omnibus
1300 2352 1586 2419 inuentis
1596 2404 1616 2437 ‚
1669 2356 1737 2417 et
1781 2353 2004 2419 multis
2051 2354 2196 2419 aliis
2243 2356 2352 2419 in·-

300 2479 500 2541 snper
547 2458 627 2523 de
672 2480 790 2525 suo
836 2458 1125 2525 inuentis
1171 2459 1597 2544 geometriam
1645 2459 2126 2542 amplificasset.
2218 2462 2335 2527 sei-

298 2584 448 2628 mns
505 2564 709 2648 enim,
762 2565 821 2629 ei
868 2563 1073 2631 fuisse
1118 2567 1185 2629 et
1227 2565 1531 2649 peritiam
1577 2546 2071 2631 mathematicos
2119 2566 2337 2653 singu-

298 2670 509 2733 larem
554 2672 622 2735 et
668 2669 1055 2737 industriam
1090 2671 1528 2755 praeeipuam.
1601 2671 1716 2737 sed
1751 2670 1977 2737 multis
2013 2672 2150 2737 iam
2183 2678 2340 2757 post

302 2778 581 2840 mortem
627 2774 909 2843 Cononis
964 2778 1155 2841 annis
1200 2778 1561 2843 interiectis
1606 2777 1891 2842 nondum
1938 2778 2145 2841 ullum
2190 2800 2338 2862 pro-

300 2880 663 2947 blematum
726 2882 985 2947 illorum
1060 2904 1449 2968 quemquam
1519 2883 1832 2968 adtigisse
1888 2882 2338 2967 comperimus.

300 2985 560 3073 singula
605 2992 825 3053 autem
870 2986 1003 3053 hoo
1034 2988 1177 3053 loco
1216 2988 1524 3054 adferam.
1599 2986 1836 3053 accidit
1873 2987 2061 3067 enim,
2096 2992 2172 3053 ut
2207 2991 2337 3058 duo

294 3178 516 3303 {malli
650 3182 1027 3305 θεορῖῃέιατφν
1064 3180 1153 3305 Fd
1155 3186 1377 3306 dui—12.
1415 3174 1546 3306 udi-⁸]
1585 3200 1688 3306 τηῖ
1726 3169 1829 3251 per
1865 3198 2044 3307 conffi.
2083 3182 2333 3309 ξςδεζεὲῐτ.

296 3264 448 3374 Malle
478 3319 491 3332 ⁸
516 3266 666 3403 Ἶξιοεςο
680 3290 870 3403 mojona·
890 3270 979 3391 EQ?
980 3250 1315 3391 1ῐ11]111ῡὲοςικοι’ὶ
1337 3268 1548 3392 (ἒὲᾖλα,
1559 3270 1658 3378 euin
1675 3268 1866 3406 {gsilv
1893 3270 2188 3405 'ljorelliiia
2202 3275 2232 3323 η
2269 3254 2332 3325 α]

299 3395 383 3445 15.
422 3408 498 3445 κα
562 3408 783 3477 sor-ipsu
830 3410 931 3446 και
964 3392 1036 3462 F,
1082 3394 1271 3463 uulgo.
1457 3400 1540 3449 16.
1587 3389 1708 3465 ἐπὶ]
1747 3410 1968 3464 sonps13
2007 3414 2104 3449 και
2142 3413 2235 3449 sm
2269 3394 2334 3463 F,

295 3459 491 3531 uulgo.
634 3481 759 3517 ταν
793 3464 1179 3533 γεωμετρίανῖ
1327 3471 1411 3521 17.
1449 3482 1618 3521 avrea
1655 3481 1782 3520 cum
1819 3482 1998 3535 comp.
2032 3484 2106 3535 ην
2137 3463 2197 3520 F.

302 3536 387 3587 19.
428 3535 705 3596 ,Κωνωνος
740 3532 803 3603 F,
840 3534 1031 3605 uulgo,

1939 3624 2010 3677 1*
