2659 3967
353 117 490 181 200
865 119 1257 170 ΕΠΙΠΕΔΩΝ
1292 120 1753 172 ῙΣΟΡΡΟΠΙΩΝ
1789 123 1834 173 Β
1846 117 1878 174 ’.

352 258 465 325 καὶ
513 257 966 345 ἐκβεβλήσθω,
1012 259 1123 326 καὶ
1169 257 1349 348 παρὰ
1394 259 1518 328 τὰν
1556 267 1691 328 ΒΔ
1738 260 1931 348 ἄχθω
1978 259 2021 328 ἃ
2059 269 2199 330 ΓΛ.
2274 269 2407 350 δῆ-

353 373 478 432 λον
525 367 620 450 δέ,
671 363 771 432 ὅτι
820 371 1090 450 μείζονα
1135 365 1344 452 λόγον
1392 371 1523 452 ἔχει
1568 365 1644 434 τὸ
1695 370 2236 456 ἐγγεγραμμένον
2284 369 2400 437 εὐ-

355 470 758 560 θύγραμμον
798 475 870 539 ἐν
907 477 999 562 τῷ
1037 471 1324 558 τμάματι
1362 473 1513 540 ποτὶ
1550 471 1629 539 τὰ
1668 473 2029 562 λειπόμενα
2058 477 2409 564 τμάματα,

713 1512 791 1576 A
1308 1525 1385 1582 A
1404 1523 1473 1582 Z
1878 1521 1963 1580 1,*

276 1635 280 1639 “
351 1621 392 1710 ἢ
455 1623 530 1690 τὸ
591 1609 800 1692 ΑΒΓ
841 1633 1176 1716 τρίγωνον
1231 1625 1382 1692 ποτὶ
1437 1623 1511 1691 τὸ
1561 1630 1643 1690 Κ.
1736 1622 1884 1692 ἀλλ’
1947 1629 2114 1710 ἔστι,
2172 1625 2263 1706 ὥς
2308 1626 2397 1695 τὰ

277 1743 310 1791 5
350 1737 556 1798 ΑΒΓ
602 1739 933 1822 τρίγωνον
987 1733 1141 1799 ποτὶ
1194 1729 1270 1799 τὸ
1327 1739 1427 1817 Κ,
1487 1731 1699 1811 οὕτως
1754 1729 1797 1798 ἆ
1855 1739 1977 1800 ΓΖ
2032 1735 2186 1801 ποτὶ
2234 1742 2395 1801 ΖΔ,

345 1836 458 1904 καὶ
504 1836 579 1904 τὸ
630 1840 1163 1925 ἐγγεγραμμένον
1201 1837 1332 1925 ἄρα
1371 1837 1858 1928 εὐθύγραμμον
1894 1840 2047 1908 ποτὶ
2085 1839 2166 1906 τὰ
2206 1865 2391 1927 περι·

241 1929 252 1942 ’
348 1943 709 2028 λειπόμενα
754 1943 1060 2030 τμάματα
1108 1950 1377 2031 μείζονα
1422 1943 1631 2030 λόγον
1678 1950 1833 2032 ἔχει,
1880 1942 1923 2032 ἢ
1970 1944 2013 2013 o‘c
2061 1953 2187 2014 ΓΖ
2232 1946 2395 2013 ποτὶ

347 2058 517 2134 ΖΔ,
576 2052 920 2118 τουτέστιν
980 2047 1022 2116 ἆ
1080 2057 1218 2117 ΛΕ
1268 2051 1420 2118 ποτὶ
1468 2057 1611 2119 ΕΘ.
1704 2054 1899 2138 ἐχέτω
1958 2044 2085 2120 οὖν
2142 2050 2185 2118 ἆ
2234 2059 2395 2119 ΜΕ

345 2156 499 2223 ποτὶ
537 2163 663 2223 ΕΘ
707 2155 831 2222 τὸν
876 2153 1084 2223 αὐτὸν
1129 2156 1339 2241 λόγον
1384 2155 1506 2224 τὸν
1544 2162 1666 2225 τοῦ
1705 2156 2195 2245 εὐθυγράμμου
2230 2159 2389 2226 ποτὶ

239 2275 309 2324 10
345 2259 427 2328 τὰ
493 2259 814 2347 τμάματα.
907 2261 1046 2329 ἐπεὶ
1105 2255 1232 2330 οὗν
1291 2261 1366 2330 τὸ
1426 2263 1549 2349 μὲν
1595 2273 1659 2332 Ε
1709 2266 1991 2354 κέντρον
2044 2269 2169 2332 τοῦ
2216 2263 2393 2332 ὅλου

342 2367 710 2455 τμάματος,
766 2371 888 2434 τοῦ
937 2367 1012 2435 δὲ
1058 2371 1598 2458 ἐγγεγραμμένου
1646 2372 1719 2437 ἐν
1766 2369 1944 2457 αὐτῷ
1994 2368 2386 2459 εὐθυγράμ-

345 2503 492 2562 μου·
522 2475 598 2542 τὸ
649 2481 734 2558 Θ,
791 2479 1034 2561 δῆλον,
1092 2473 1194 2544 ὅτι
1250 2479 1493 2544 λοιποῦ
1537 2480 1661 2544 τοῦ
1710 2479 2150 2563 συγκειμένου
2197 2479 2391 2563 μεγέ·

341 2593 506 2662 θεος
543 2585 614 2650 ἐκ
649 2585 785 2648 τῶν
823 2585 1388 2669 περιλειπομένων
1424 2581 1785 2669 τμαμοὲτων
1822 2581 1897 2650 τὸ
1935 2585 2219 2670 κέντρον
2254 2588 2389 2651 τοῦ

341 2688 585 2776 βοίρεός
641 2690 822 2755 ἐστιν
878 2691 1314 2774 ἐκβληθείσας
1368 2693 1487 2768 τᾶς
1533 2695 1664 2756 ΘΕ
1711 2689 1824 2756 καὶ
1872 2685 2392 2775 ἆπολαφθείσας

237 2811 307 2860 15
343 2795 528 2876 τινὸς
573 2793 866 2878 εὐθείας,
913 2791 956 2880 ἢ
1004 2793 1212 2880 λόγον
1259 2799 1391 2880 ἔχει
1428 2794 1579 2861 ποτὶ
1617 2791 1741 2862 τάν
1772 2801 1919 2880 ΘΕ,
1968 2791 2050 2860 ὃν
2085 2792 2161 2861 τὸ
2203 2797 2389 2881 ἐγγε·

338 2903 728 2990 γραμμένον
783 2899 1267 2991 εὐθύγραμμον
1322 2901 1477 2967 ποτὶ
1535 2898 1614 2968 τὰ
1660 2900 2172 2989 περιλειπόμενα
2218 2901 2387 2988 τμά-

339 3033 531 3094 ματα.
615 3005 785 3075 ὥστε
832 3015 932 3094 εἴη
979 3033 1064 3074 κα
1110 3011 1233 3074 τοῦ
1280 3009 1720 3095 συγκειμένου
1766 3008 2083 3093 μεγέθεος
2130 3011 2199 3076 ἐκ
2242 3012 2389 3076 τῶν

340 3116 910 3203 περιλειπομένων
965 3113 1328 3200 τμαμάτων
1383 3116 1663 3202 κέντρον
1718 3119 1839 3182 τοῦ
1884 3113 2129 3202 βάρεος
2174 3112 2251 3182 τὸ
2300 3121 2391 3181 Μ

339 3234 648 3308 σαμεῖον·
717 3217 878 3307 ὅπερ
926 3219 1200 3288 ἄτοπον.
1266 3224 1385 3300 τᾶς
1430 3219 1561 3308 γὰρ
1610 3218 1724 3286 διὰ
1770 3225 1892 3287 τοῦ
1922 3227 2010 3287 Μ
2034 3217 2217 3309 παρὰ
2252 3217 2387 3287 τάν

230 3343 304 3392 20
339 3336 480 3398 BA
539 3323 874 3414 ἀγομένας
933 3327 1039 3395 ἐπὶ
1097 3323 1305 3394 ταύτὰ
1370 3325 1725 3395 ἐσσούνται
1784 3324 2003 3394 πάντα
2061 3323 2140 3392 τὰ
2198 3351 2385 3414 περι-

483 3477 533 3525 4.
574 3465 696 3524 ἀλλ’
731 3468 847 3546 ἔστι
874 3470 948 3525 ad
973 3463 1038 3523 τὸ
1070 3473 1127 3522 K
1149 3469 1246 3523 lin.
1280 3474 1312 3522 5
1343 3485 1451 3524 om.
1480 3467 1551 3536 Ἐς
1589 3485 1725 3522 corr.
1756 3467 1840 3523 ed.
1871 3465 2041 3523 Basil.
2152 3473 2204 3522 5.
2235 3487 2382 3538 προς
