2659 3967
1032 197 1470 254 ARENARIUS.
2133 201 2262 268 287

234 343 552 428 sphaerae
608 343 995 408 diametrum
1054 342 1327 407 habenti
1380 342 1597 408 deoem
1645 345 1854 410 millia
1899 348 2265 431 myriadum

234 451 589 516 stadiorum
645 450 914 534 longam
970 449 1290 514 minorem
1338 471 1480 514 esse
1525 473 1720 535 quam
1767 451 1986 517 decem
2033 455 2266 537 myria-

234 557 349 620 des
397 562 730 621 sextorum
774 576 1207 621 numerorum.
1280 557 1562 640 sphaera
1609 563 1826 622 autem
1874 559 2263 625 diametrum
2287 561 2369 625 10

237 662 487 728 habens
560 662 775 727 decies
850 665 1120 726 centena
1193 661 1406 726 millia
1477 662 1842 747 myriadum
1907 665 2266 730 stadiorum

233 769 506 853 longam
542 774 802 834 centum
832 768 1231 853 myriadibus
1260 751 1605 854 multiplex
1632 774 1734 834 est
1763 791 1958 854 quam
1988 769 2265 853 sphaera

233 876 625 941 diametrum
684 865 933 942 haberis
980 875 1198 939 decem
1243 874 1452 963 millia
1496 876 1859 959 myriadum
1907 876 2264 942 stadiorum

235 981 522 1067 longam.
615 982 669 1046 si
738 980 942 1066 igitur
1004 1003 1083 1046 ex
1138 1001 1333 1045 arena
1387 984 1576 1045 tanta
1631 981 1908 1066 sphaera
1966 982 2264 1066 efficitur,

235 1092 483 1173 quanta
538 1090 641 1152 est
688 1086 963 1171 sphaera
1010 1086 1398 1152 diametrum
1443 1086 1690 1152 habens
1738 1087 1946 1153 decies
1995 1093 2264 1156 centena

234 1194 447 1258 millia
505 1193 872 1279 myriadum
920 1193 1279 1259 stadiorum
1325 1193 1626 1278 longam,
1681 1193 2102 1260 manifestum
2148 1200 2263 1279 est,

229 1321 574 1365 numerum
630 1321 867 1365 arenae
922 1299 1239 1365 minorem
1294 1300 1432 1365 fore
1486 1321 1754 1367 numero
1809 1301 2262 1385 multiplicabis

232 1405 454 1471 decem
526 1404 929 1490 myriadibus
1002 1407 1330 1470 sextorum
1393 1427 1809 1472 numerorum
1875 1410 1940 1470 et
2002 1411 2262 1472 centum

234 1512 641 1595 myriadibus
716 1514 877 1576 orto.
989 1511 1294 1596 quoniam
1369 1517 1584 1578 autem
1650 1513 1868 1577 decem
1933 1515 2262 1596 myriades

233 1621 568 1683 sextorum
603 1639 1021 1683 numerorum
1059 1618 1590 1702 quadragesimus
1625 1622 1846 1683 sextus
1877 1623 1978 1684 est
2007 1620 2090 1684 ab
2119 1621 2264 1685 uni-

234 1727 373 1788 tate
450 1745 757 1790 numerus
822 1724 891 1789 in
954 1724 1406 1808 proportione,
1479 1728 1545 1788 et
1608 1729 1867 1790 centum
1936 1726 2262 1809 myriades

234 1830 551 1913 septimus
591 1833 693 1894 est
729 1831 812 1895 ab
851 1830 1099 1895 unitate
1136 1830 1206 1894 in
1244 1829 1466 1895 eadem
1498 1831 1941 1916 proportione,
1978 1831 2263 1917 adparet,

228 1937 620 2020 productum
666 1937 805 2002 fore
852 1937 1456 2022 quinquagesimum
1503 1938 1853 2004 seeundum
1892 1938 1974 2003 ab
2012 1939 2262 2003 unitate

241 2045 314 2108 in
376 2043 601 2108 eadem
664 2044 1107 2127 proportione.
1214 2042 1446 2108 horum
1511 2047 1728 2109 autem
1789 2045 2264 2129 quinquaginta

228 2149 504 2214 duorum
557 2149 755 2234 primi
810 2149 1245 2232 quadraginta
1302 2152 1449 2216 ooto
1498 2171 1644 2215 oum
1691 2151 1947 2215 unitate
1994 2150 2044 2215 ii
2092 2155 2262 2236 sunt,

231 2257 345 2341 qui
390 2256 613 2340 primi,
660 2254 952 2339 secundi,
998 2256 1202 2340 tertii,
1249 2257 1492 2341 quarti,
1538 2258 1768 2342 quinti,
1814 2258 1980 2322 sexti
2025 2279 2262 2323 uocan-

232 2366 369 2446 tur,
425 2360 660 2446 reliqui
718 2364 935 2426 autem
990 2365 1300 2446 quattuor
1357 2384 1434 2426 ex
1477 2363 1560 2428 iis
1608 2369 1786 2449 sunt,
1841 2364 1952 2448 qui
1999 2363 2262 2448 septimi

227 2471 575 2552 uocantur,
632 2471 698 2531 et
755 2469 1023 2533 ultimus
1082 2479 1305 2534 eorum
1363 2472 1466 2533 est
1508 2469 1688 2535 mille
1734 2471 2020 2535 unitates
2069 2469 2262 2553 septi-

231 2596 485 2640 morum
532 2595 968 2639 numerorum.
1047 2574 1464 2640 manifestum
1508 2579 1609 2640 est
1651 2575 1873 2660 igitur,
1916 2594 2260 2640 numerum

232 2701 467 2746 arenae
504 2679 1021 2765 magnitudinem
1058 2679 1363 2746 habentis
1400 2681 1736 2765 aequalem
1775 2675 2088 2765 sphaerae
2125 2679 2258 2744 dia-

226 2790 507 2851 metrum
565 2786 838 2851 habenti
883 2785 1095 2850 deeies
1143 2789 1418 2851 centena
1463 2784 1674 2850 millia
1719 2785 2084 2870 myriadum
2132 2790 2260 2852 sta-

226 2893 481 2958 diorum
553 2893 820 2977 longam
884 2891 1198 2956 minorem
1266 2912 1407 2956 esse
1473 2912 1668 2974 quam
1733 2890 1911 2956 mille
1974 2891 2258 2958 unitates

228 3000 653 3084 septimorum
699 3019 1132 3064 numerorum.
1210 2997 1342 3061 iam
1390 2995 1696 3080 quoniam
1742 2994 2256 3064 demonstratum
2280 2999 2357 3064 11

227 3109 355 3190 est,
396 3103 812 3170 'diametrum
885 3103 1114 3168 mundi
1176 3102 1389 3167 minus
1456 3123 1651 3186 quam
1718 3100 1926 3169 decies
1990 3107 2259 3169 centena

227 3263 337 3318 δαν
374 3263 443 3331 13¹3
482 3279 620 3319 corr.
657 3262 720 3316 B.
870 3267 953 3315 11.
992 3276 1097 3315 ταν
1144 3281 1174 3330 ρ
1222 3262 1494 3330 monades
1541 3261 1609 3329 Ἐς
1661 3277 1798 3316 oorr.
1837 3259 2058 3316 wallis.
2172 3265 2256 3316 13.

225 3332 1033 3474 3522‘1'50“”⁰{3‘3⁶„{102225232
1070 3331 2150 3476 ai{ssfflss‘i‘ssf‘ssffsszzzffiassssffffi
2168 3331 2256 3468 ⁶1⁴³}

227 3475 501 3544 expunxit
545 3491 744 3530 manue
784 3482 831 3530 1.
1003 3479 1089 3529 24.
1137 3469 1266 3544 τάν]
1314 3493 1428 3528 των
1471 3490 1573 3544 per
1612 3489 1792 3542 comp.
1830 3471 1900 3540 F3
1950 3488 2088 3527 corr.
2129 3471 2253 3526 VB.

226 3551 312 3601 25.
356 3550 523 3602 ελασσ
560 3563 686 3601 eum
724 3561 903 3615 comp.
944 3566 1022 3600 ων
1058 3545 1129 3611 Ἐς
1169 3560 1306 3600 corr.
1346 3544 1412 3598 V.
