2659 3967
410 217 496 284 82
1166 221 1344 272 ΠΕΡΙ
1377 219 1676 272 mmm.

409 367 538 428 ZA
583 361 816 429 εὐθεῖα
851 365 969 440 τᾶς
1004 365 1128 429 τοῦ
1162 367 1316 429 TM
1314 367 1394 427 N
1410 358 1662 428 κύκλου
1696 363 2135 449 περιφερείας.
2191 356 2444 447 ὁμοίως

410 465 486 534 δὲ
533 469 978 554 ὃειχθῃσέται,
1025 465 1130 536 ὅτι
1177 465 1340 535 οὐδὲ
1384 464 1676 535 ἐλάττων
1719 462 1764 553 ἢ
1814 470 2146 535 διπλασία.
2225 470 2438 553 δῆλον

409 563 559 660 οὖν,
608 571 711 640 ὅτι
759 577 1077 642 διπλασία
1122 576 1325 642 ἐστίν.

1248 789 1599 842 ΠΟΡΙΣΜΑ.

340 907 374 955 5
550 889 664 958 διὰ
698 891 787 960 δὲ
830 880 957 961 τοῦ
1002 890 1219 961 αὐτοῦ’
1262 892 1518 981 τρόπου
1565 895 1884 980 δεικτέον,
1927 893 2041 961 καὶ
2087 900 2156 961 εἴ
2189 917 2276 959 κα
2319 894 2442 970 τᾶς

410 998 484 1064 ἐν
548 994 883 1087 ὁποιᾳοῦν
946 1003 1284 1089 περιφορᾷ
1347 1000 1808 1087 γεγραμμένας
1867 1001 2085 1080 ἕλικος
2144 995 2438 1085 ἐπιψαύῃ

407 1129 507 1184 τις
562 1101 798 1172 εὐθεῖα
852 1103 1016 1173 κατὰ
1072 1104 1149 1174 τὸ
1206 1107 1413 1193 πέρας
1465 1111 1583 1186 τᾶς
1636 1106 1884 1192 ἕλικος,
1945 1107 2060 1174 καὶ
2123 1103 2254 1173 ἀπὸ
2321 1107 2441 1183 τᾷς

408 1205 620 1296 ἀρχᾶς
672 1213 791 1290 τᾶς
846 1212 1061 1291 ἕλικος
1126 1208 1272 1281 ποτ’
1326 1208 1545 1299 ὀρθὰς
1607 1209 1896 1299 ἀχθεῖσα
1947 1215 2032 1300 τᾷ
2090 1209 2264 1300 ἀρχᾷ
2319 1212 2445 1288 τᾷς

410 1319 783 1405 περιφορᾶς
820 1322 1163 1407 συμπίπτῃ
1202 1317 1358 1385 ποτὶ
1383 1315 1510 1385 τὰν
1539 1316 2027 1403 ἐπιψαύουσαν,
2065 1314 2168 1384 ὅτι
2197 1323 2442 1384 πολλα-

305 1437 371 1487 10
409 1427 657 1489 πλασία
720 1423 860 1490 ἐστὶ
924 1427 1042 1504 τᾷς
1094 1428 1219 1492 τοῦ
1282 1424 1540 1493 κύκλου
1604 1429 2026 1512 περιφερείας
2088 1425 2224 1492 τοῦ
2272 1419 2439 1489 κατὰ

408 1527 530 1597 τὸν
608 1526 913 1616 ἀριθμὸν
1000 1533 1122 1611 τοῖς
1200 1535 1574 1621 περιφορᾶς
1653 1532 2021 1618 λεγομένου
2091 1531 2185 1621 τῷ
2257 1524 2440 1619 αὐτῷ

410 1633 705 1727 ἀριθμῷ.

1381 1839 1420 1880 κ
1451 1865 1466 1881 .

544 1943 640 2004 Εἴ
685 1962 769 2003 κα
822 1941 941 2018 τᾶς
996 1938 1213 2018 ἕλικος
1264 1941 1385 2016 τᾷς
1431 1938 1505 2005 ἐν
1550 1940 1634 2026 τᾷ
1681 1938 1909 2026 πρώτᾳ
1953 1939 2288 2025 περιφορᾷ
2335 1962 2441 2022 γε-

306 2057 371 2108 15
410 2043 794 2132 γραμμένας
839 2041 1076 2111 εὐθεῖα
1120 2039 1393 2131 γραμμὰ
1443 2040 1735 2130 ἐπιψαύῃ
1783 2039 1871 2128 μὴ
1919 2039 2088 2110 κατὰ
2131 2040 2206 2110 τὸ
2237 2043 2444 2129 πέρας

408 2152 528 2228 τᾷς
573 2149 819 2234 ἕλικος,
866 2146 996 2218 ἀπὸ
1045 2148 1122 2217 δὲ
1165 2153 1286 2228 τᾶς
1331 2146 1513 2236 ἆφᾷς
1558 2148 1666 2232 ἐπὶ
1709 2145 1837 2216 τάν
1883 2146 2099 2237 ἀρχὰν
2145 2153 2263 2229 τᾷς
2311 2150 2442 2216 ἕλι-

410 2279 526 2333 κος
580 2250 817 2321 εὐθεῖα
874 2258 1261 2344 ἐπιζευχθῇ,
1324 2254 1437 2322 καὶ
1493 2255 1746 2346 κέντρῳ
1803 2253 1926 2342 μὲν
1970 2258 2053 2342 τᾷ
2101 2251 2274 2342 ἀρχᾷ
2320 2258 2444 2334 τᾷς

410 2361 649 2445 ἕλικος,
698 2360 1092 2448 διαστήματι
1142 2360 1219 2429 δὲ
1262 2365 1346 2450 τᾷ
1393 2363 1856 2450 ἐπιζευχθείσᾳ
1899 2359 2145 2440 κύκλος
2189 2363 2442 2448 γραφῇ,

412 2461 541 2534 ἀπὸ
591 2464 667 2533 δὲ
709 2469 828 2546 τᾶς
874 2464 1083 2554 ἀρχᾶς
1129 2470 1245 2546 τᾶς
1292 2468 1510 2546 ἕλικος
1555 2463 1736 2554 ἀχθῇ
1784 2492 1882 2545 τις
1924 2462 2072 2533 ποτ’
2108 2463 2324 2553 ὀρθὰς
2357 2467 2442 2554 τᾷ

304 2587 375 2638 20
412 2568 545 2640 ἀπὸ
594 2575 711 2652 τᾷς
758 2569 935 2659 ἆφᾶς
982 2572 1088 2640 ἐπὶ
1132 2569 1257 2640 τάν
1295 2569 1515 2661 ἀρχὰν
1550 2574 1669 2651 τᾶς
1707 2573 1923 2651 ἕλικος
1959 2573 2442 2661 ἐπιζευχθείσᾷ,

412 2683 841 2766 συμπεσείται
887 2675 1057 2748 αὐτὰ
1105 2677 1258 2746 ποτὶ
1303 2675 1430 2745 τάν
1470 2677 1958 2763 ἐπιψαύουσαν,
2002 2677 2116 2744 καὶ
2154 2679 2444 2746 ἐσσείται

411 2781 454 2852 ἁ
510 2782 754 2872 μεταξὺ
810 2781 1049 2852 εὐθεῖα
1102 2787 1224 2863 τοῖς
1275 2809 1348 2850 τε
1414 2781 1840 2871 συμπτῶσιος
1893 2782 2005 2850 καὶ
2060 2787 2178 2864 τᾶς
2232 2781 2445 2872 ἀρχᾶς

409 2895 530 2971 τᾶς
585 2892 801 2970 ἕλικος
860 2897 973 2957 ἴσα
1026 2893 1110 2978 τᾷ
1167 2895 1558 2980 περιφερείᾳ
1601 2893 1724 2957 τοῦ
1771 2890 2146 2979 γραφέντος
2189 2889 2446 2958 κύκλου

411 3000 492 3085 τᾷ
549 2993 793 3084 μεταξὺ
848 2999 968 3075 τᾶς
1022 2991 1205 3082 ἆφᾷς
1249 2996 1363 3062 καὶ
1407 2999 1529 3076 τᾷς
1572 2998 1811 3082 τομᾶς,
1875 2993 2036 3063 καθ’
2087 2991 2175 3063 ἃν
2220 2997 2445 3084 τέμνει

305 3118 373 3170 25
414 3098 450 3169 ὃ
508 3099 788 3187 γραφεὶς
843 3100 1087 3181 κύκλος
1138 3099 1267 3169 τὰν
1313 3098 1531 3190 ἀρχὰν
1577 3105 1696 3181 τᾶς
1747 3105 2150 3188 περιφορᾶς,
2207 3101 2314 3169 ἐπὶ
2357 3099 2442 3168 τὰ

557 3285 607 3334 9.
647 3273 760 3350 οτι]
800 3277 1055 3347 Nizzius;
1097 3296 1205 3333 om.
1244 3279 1305 3346 F,
1343 3279 1533 3350 uulgo.
1716 3285 1800 3335 13.
1838 3275 1938 3334 κα’
1977 3279 2036 3333 F.
2222 3283 2306 3333 19.
2343 3277 2442 3353 τᾷ]

414 3368 522 3407 om.
562 3349 635 3418 F,
674 3367 811 3406 corr.
850 3349 1031 3405 ABG
1103 3349 1273 3405 Initio
1310 3367 1471 3420 prop.
1508 3357 1578 3405 20
1615 3351 1863 3420 epatium
1899 3352 2067 3405 uacat
2102 3349 2162 3404 in
2199 3348 2260 3405 F.
2353 3333 2444 3404 2’.1

414 3391 685 3494 ἔσσείται]
726 3433 949 3476 εωειται
985 3422 1045 3476 F.
1189 3427 1275 3475 22.
1316 3418 1689 3492 συμπτῶσιος]
1729 3421 1951 3508 scripsi,
1990 3438 2346 3508 συμπτωσιας
2379 3419 2444 3486 F,

410 3493 603 3618 uu}g0.
733 3498 817 3550 24.
855 3493 951 3568 τᾷ]
990 3513 1090 3556 τας
1125 3493 1196 3560 F;
1238 3509 1374 3549 corr.
1414 3492 1460 3545 B
1495 3509 1645 3594 κοῖαι.
1683 3491 1772 3547 2*.
1910 3487 2010 3564 ἅν]
2049 3491 2270 3561 scripsi,
2310 3487 2341 3545 ὁ
2378 3490 2447 3562 F,

409 3582 488 3619 uu
513 3581 601 3634 gO.
