2659 3967
1037 156 1481 214 ARENARIUS.
2144 158 2275 223 265

245 309 544 389 sumpta,
607 303 816 368 maior
879 307 1096 368 autem
1164 325 1358 387 quam
1422 302 1619 387 triplo
1686 303 1893 368 maior
1958 303 2275 368 diametro

243 411 471 477 mundi
533 407 714 497 (nam
768 408 1284 474 demonstratum
1339 413 1464 492 est,
1525 408 1809 473 cuiusuis
1865 408 2089 473 oirouli
2145 409 2278 472 dia-

247 521 530 582 metrum
587 516 906 580 minorem
953 536 1096 580 esse
1141 513 1337 580 tertia
1381 518 1567 598 parte
1612 514 1943 598 perimetri
1990 514 2277 580 cuiusuis

247 622 565 709 polygoni
629 621 868 688 circulo
933 620 1260 704 inseripti,
1321 621 1493 706 quod
1552 622 2019 705 aequilaterum
2072 621 2161 684 sit
2214 623 2283 684 et

247 729 397 814 plus
436 749 630 812 quam
669 747 782 791 sex
809 729 1017 793 latera
1042 723 1309 814 habeat)
1323 725 1397 813 ¹),
1433 727 1787 794 diametrus
1814 726 2039 792 mundi
2065 725 2281 790 minor

252 836 379 900 erit
442 834 760 899 diametro
825 835 1040 898 terrae
1105 832 1312 898 decies
1376 833 1617 898 millies
1682 835 1959 915 sumpta.
2060 832 2279 916 itaque

253 941 772 1006 demonstratum
837 944 966 1024 est,
1032 939 1415 1004 diametrum
1478 939 1702 1004 mundi
1761 939 2081 1006 minorem
2137 959 2280 1002 esse

250 1046 572 1111 diametro
647 1047 858 1110 terrae
935 1044 1143 1110 deoies
1209 1045 1445 1110 millies
1512 1048 1791 1130 sumpta.
1894 1043 2281 1108 diametrum

254 1155 476 1217 autem
513 1149 740 1216 mundi
767 1149 982 1216 minus
1023 1151 1220 1235 quam
1258 1150 1467 1218 stadia
1498 1149 1983 1215 100000000Οο
2012 1149 2279 1232 longam

251 1280 416 1342 esse,
452 1258 602 1323 inde
641 1257 928 1340 adparet.
953 1287 970 1302 ·
991 1279 1146 1322 nam
1176 1258 1480 1341 quoniam
1512 1257 1922 1340 suppositum
1952 1259 2072 1338 est,
2107 1255 2275 1339 peri—
2312 1263 2357 1326 3

253 1369 538 1430 metrum
583 1366 797 1428 terrae
833 1384 968 1428 non
1003 1364 1152 1448 plus
1192 1385 1387 1447 quam
1416 1363 1724 1430 3000000
1764 1362 1973 1427 stadia
2011 1361 2279 1447 longam

238 1477 394 1535 ‘esse
445 1469 746 1554 [hypoth.
791 1470 886 1552 4],
931 1473 998 1534 et
1031 1470 1417 1553 perimetrus
1452 1473 1665 1536 terrae
1702 1470 1912 1534 maior
1950 1471 2049 1533 est
2088 1490 2281 1552 quam

252 1574 457 1660 triplo
513 1575 726 1640 maior
783 1575 1132 1660 diametro,
1187 1576 1365 1659 quia.
1394 1576 1671 1642 cuiusuis
1728 1575 1949 1640 circuli
1996 1575 2281 1638 ambitus

252 1681 467 1745 maior
512 1682 614 1744 est
658 1701 851 1764 quam
891 1680 1110 1765 triplo.
1129 1681 1340 1745 maior
1376 1681 1685 1748 diametro
1724 1676 1937 1761 [κύκλ.
1976 1702 2154 1766 μετρ.
2194 1681 2283 1765 3],

255 1785 554 1869 adparet,
595 1786 990 1850 diametrum
1036 1789 1250 1852 terrae
1297 1787 1507 1852 minus
1553 1809 1748 1871 quam
1799 1786 2107 1852 1000000
2156 1791 2284 1852 sta-

260 1890 367 1956 dia
403 1891 670 1975 longam
709 1912 868 1956 esse.
933 1892 1068 1956 iam
1104 1892 1411 1976 quoniam
1442 1893 1790 1958 diametrus
1820 1894 2045 1957 mundi
2074 1894 2286 1959 minor

257 2000 358 2062 est
397 1996 716 2063 diametro
754 2001 968 2063 terrae
1007 1997 1218 2076 deoies
1248 1998 1483 2062 millies
1512 2002 1787 2082 sumpta,
1824 1998 2115 2083 adparet,
2152 1999 2283 2063 dia-

257 2107 536 2167 metrum
570 2103 793 2166 mundi
820 2103 1034 2168 minus
1065 2126 1261 2188 quam
1286 2103 1761 2169 10000000000
1782 2104 1991 2168 stadia
2018 2105 2284 2190 longam

256 2229 414 2274 esse.
487 2209 566 2272 de
613 2209 1173 2293 magnitudinibus
1220 2210 1428 2295 igitur
1474 2216 1537 2276 et
1572 2199 1897 2276 distantiis
1935 2212 2095 2277 haee
2134 2235 2283 2297 sup·
2320 2215 2364 2278 4

258 2336 453 2400 pono,
501 2314 578 2377 de
626 2335 822 2378 arena
867 2320 1085 2380 autem
1131 2317 1391 2382 haecce:
1440 2315 1494 2381 si
1536 2338 1614 2382 ex
1656 2339 1856 2383 arena
1898 2318 2282 2403 magnitudo

256 2411 612 2508 colligatur
656 2441 790 2486 non
833 2421 1040 2487 maior
1087 2421 1332 2489 semine
1368 2423 1727 2506 papaueris,
1772 2445 2111 2490 numerum
2150 2445 2284 2490 are-

259 2549 385 2592 nae
430 2548 562 2592 non
609 2526 921 2592 maiorem
967 2549 1108 2594 esse
1144 2550 1343 2612 quam
1386 2527 1617 2612 10000‚
1664 2533 1726 2594 et
1760 2531 2147 2595 diametrum
2186 2551 2283 2594 se-

257 2634 458 2698 minis
496 2633 840 2718 papaueris
876 2655 1010 2698 non
1045 2633 1364 2699 minorem
1404 2655 1545 2698 esse
1577 2635 2071 2720 quadragesima
2096 2638 2283 2717 parte

406 2791 460 2858 1)
491 2787 639 2874 159111
665 2787 1000 2859 perimetrus
1020 2789 1302 2859 hexagoni
1319 2787 1493 2859 triplo
1510 2788 1687 2845 maior
1706 2793 1789 2844 est
1808 2789 2082 2844 diametro
2106 2789 2282 2857 (Eud.

258 2859 428 2984 111,ᾑέ1
460 2864 727 2930 πορισμ.),
769 2862 827 2915 et
863 2875 975 2929 quo
1011 2861 1178 2930 plura
1213 2863 1343 2914 sunt
1377 2861 1575 2929 latera,
1615 2876 1677 2915 eo
1716 2860 1949 2916 naiores
1979 2865 2109 2915 sunt
2135 2859 2282 2930 peri-

257 2948 350 2986 me
431 2973 442 2986 .
1782 2947 1785 2952 ·

261 3090 485 3158 Wallis,
523 3089 817 3145 Torellius.
957 3096 1004 3144 9.
1044 3091 1147 3153 τᾶς
1182 3091 1286 3160 γᾶς
1323 3089 1398 3145 ad
1434 3085 1731 3160 διάμετρος
1766 3091 1861 3146 lin.
1892 3097 1960 3145 10
1997 3069 2281 3162 suppleuig

261 3177 370 3216 om.
407 3161 471 3228 F,
507 3161 698 3231 uulgo.
828 3166 912 3215 12.
951 3158 1082 3232 τάν]
1120 3181 1220 3217 τον
1256 3179 1361 3232 per
1396 3178 1577 3232 comp.
1618 3161 1740 3230 FD,
1778 3161 1856 3216 ed.
1895 3161 2069 3220 Basil.
2198 3169 2282 3218 13.

259 3227 326 3303 ἆ]
365 3249 518 3286 εστιν
556 3233 780 3302 (oomp.)
816 3227 855 3286 ἆ
893 3231 965 3299 F3
1005 3248 1140 3289 corr.
1179 3231 1401 3287 Walh’s.
1513 3239 1598 3288 14.
1636 3229 1696 3304 ἦ]
1737 3249 1843 3288 om.
1878 3231 1947 3301 F3
1985 3249 2122 3288 σοι-τ.
2154 3232 2281 3287 AB.

265 3308 349 3357 16.
387 3306 645 3369 tomum
697 3318 824 3357 eum
877 3318 1056 3371 comp.
1110 3323 1190 3357 mv
1236 3302 1304 3370 Ἐς
1357 3321 1495 3360 oorr.
1536 3305 1598 3358 B.
1779 3309 1865 3358 21.
1899 3323 2109 3375 μυριακ
2156 3320 2284 3358 eum

261 3390 441 3444 comp.
477 3392 546 3443 ης
582 3373 643 3429 F.
767 3371 874 3442 μὲν
911 3365 1018 3428 οὖν
1053 3373 1191 3446 τῶν]
1229 3374 1450 3441 addidi3
1489 3392 1598 3432 om.
1636 3373 1697 3444 F,
1735 3374 1916 3444 uulgo,
2040 3380 2127 3429 24.
2164 3380 2283 3444 pst*-

262 3444 382 3515 ζον]
425 3446 551 3514 μειζ
587 3460 715 3498 cum
751 3459 933 3514 comp.
973 3463 1052 3499 ων
1088 3446 1157 3511 1¹³3
1207 3462 1346 3502 eorr.
1386 3445 1447 3502 Β.
1593 3451 1679 3502 26.
1716 3441 2279 3516 τετρωκοστομόριον]

261 3514 480 3570 Ahrens
519 3531 648 3569 oum
685 3515 735 3570 V
770 3531 941 3570 manu
977 3521 1036 3583 23
1077 3534 1618 3587 τετρωκοντομοριον
1654 3514 1715 3583 F,
1751 3517 1935 3586 uulgo
