2659 3967
689 187 1201 254 QUADRATURA
1236 188 1691 245 PARABOLAE.
2078 189 2212 256 351

166 333 470 400 tudinem
500 333 857 419 aequalem,
897 337 963 398 et
988 335 1079 399 sit
1106 337 1175 398 K
1204 363 1289 388 εει
1316 336 1505 419 &AB
1513 337 1586 400 Γ.
1633 334 2212 402 demonstrandum

170 445 296 526 est,
343 461 485 507 esse
531 443 712 506 K=
741 445 1105 507 AABEI'.

308 569 463 612 nam
513 547 571 612 si
617 548 885 632 aequale
929 570 1063 614 non
1108 551 1227 629 est,
1275 550 1391 612 aut
1435 547 1648 613 maius
1687 551 1789 612 est
1825 551 1939 614 aut
1975 549 2208 614 minus.

171 655 387 739 prius,
434 653 492 720 si
536 653 679 719 fieri
724 657 973 739 potest,
1020 655 1111 719 sit
1156 657 1562 741 segmentum
1609 659 1820 721 AAB
1831 658 1963 722 ΕΓ
1999 655 2209 721 maius

458 791 1894 1752 Ξ

1493 1541 1992 1752 ΕΞ·

178 1806 391 1891 spatio
440 1809 523 1872 K.
586 1807 887 1892 inscripsi
932 1807 1136 1892 igitur
1179 1806 1544 1893 triangulos
1582 1811 1811 1892 AAB,
1856 1807 2059 1871 ΒΕΓ
2096 1807 2208 1890 ita,

176 1917 252 1980 ut
306 1913 604 1980 diximus.
694 1918 761 1979 et
818 1914 1017 1980 etiam
1074 1913 1430 1999 segmentis
1475 1913 1745 1999 reliquis
1794 1913 1958 1979 alios
2003 1912 2205 1978 trian-

177 2020 365 2106 gulos
428 2020 732 2104 inscripsi
794 2021 1063 2086 eandem
1126 2020 1343 2087 basim
1402 2020 1748 2104 habentes,
1811 2041 2007 2105 quam
2065 2037 2206 2104 seg-

177 2130 423 2212 menta,
478 2131 545 2192 et
600 2125 1014 2192 altitudinem
1069 2126 1370 2211 eandem,
1426 2129 1492 2192 et
1547 2147 1801 2212 semper
1849 2125 2204 2212 segmentis

179 2232 403 2298 deinde
450 2232 612 2298 ortis
658 2232 1021 2319 triangulos
1068 2231 1355 2298 inscribo
1405 2231 1674 2298 eandem
1720 2233 1935 2298 basim
1969 2231 2210 2297 haben-

176 2345 305 2424 tes,
366 2361 559 2424 quam
624 2342 991 2426 segmenta,
1050 2343 1117 2405 et
1171 2338 1582 2404 altitudinem
1638 2339 1924 2404 eandem.
2017 2341 2210 2404 erunt

178 2447 381 2533 igitur
436 2447 841 2531 [aliquando]
910 2449 1252 2532 segmenta
1304 2446 1558 2532 reliqua
1610 2446 1870 2511 minora
1923 2465 2208 2529 excessu,

178 2575 305 2638 quo
342 2557 755 2639 segmentum
790 2556 1148 2619 ΑΛΒΕΓ
1177 2552 1460 2636 spatium
1490 2556 1559 2617 K
1593 2552 1843 2618 excedit
1881 2553 2092 2634 [prop.
2120 2553 2208 2616 20

180 2660 445 2742 coroll.].
496 2659 719 2744 itaque
764 2660 1169 2746 polygonum
1214 2660 1604 2742 inscriptum
1649 2658 1858 2724 maius
1898 2659 2026 2722 erit
2061 2680 2205 2742 spa-

176 2765 271 2831 tio
316 2768 409 2850 K3
456 2764 629 2849 quod
672 2765 817 2830 fieri
861 2787 993 2830 non
1039 2769 1277 2848 potest.
1350 2786 1504 2830 nam
1553 2764 1860 2848 quoniam
1908 2763 2206 2850 deinceps

175 2871 392 2957 posita
438 2874 594 2936 sunt
639 2871 857 2954 spatia
903 2871 1221 2955 quaedam
1264 2871 1336 2937 in
1375 2869 1737 2955 quadrupla
1770 2871 2208 2957 proportione,

175 2979 461 3063 primum
512 2977 879 3063 triangulus
925 2979 1133 3042 ΑΒΓ
1177 2977 1544 3062 quadruplo
1602 2977 1811 3042 maior
1854 2977 2206 3063 triangulis

177 3089 415 3170 AAB,
470 3086 669 3149 ΒΕΓ
728 3085 939 3169 [prop.
997 3084 1113 3168 213
1180 3083 1294 3148 cfr.
1348 3105 1410 3168 p.
1458 3083 1616 3168 346,
1667 3084 1762 3164 1],
1838 3082 2066 3149 deinde
2132 3083 2206 3151 hi

176 3193 303 3276 ipsi
348 3190 708 3277 quadruplo
755 3188 1035 3256 maiores
1082 3191 1436 3278 triangulis
1486 3189 1836 3276 segmentis
1886 3191 2208 3274 sequenti-

176 3296 297 3362 bus
336 3297 686 3382 inscriptis,
734 3299 799 3361 et
833 3317 1091 3382 semper
1129 3296 1358 3363 eodem
1394 3296 1606 3381 modo,
1652 3294 1942 3380 adparet,
1987 3295 2209 3361 omnia
2248 3373 2257 3381 ι

178 3492 271 3527 ται
304 3472 366 3527 F.
525 3478 607 3528 15.
646 3467 756 3540 γάρ
822 3470 1041 3542 addidi3
1080 3490 1191 3530 om.
1228 3472 1292 3544 F,
1330 3473 1520 3542 uulgO.
1688 3477 1771 3525 18.
1813 3464 1959 3525 αὐτὰ
1995 3469 2204 3543 ταῦτα]

181 3542 404 3613 scripsi3
444 3564 512 3599 τα
552 3562 697 3599 αντα
783 3585 798 3611 ,
834 3543 1026 3615 uulgo.
