2659 3967
800 213 900 268 DE.
936 213 1181 270 LINEIS
1220 213 1664 270 SPIRALIBUS.
2113 213 2241 279 115

206 359 409 424 etiam
457 360 625 425 aliae
668 360 881 425 lineae
928 363 1098 445 sunt,
1144 381 1309 445 quae
1356 380 1396 423 a
1431 363 1671 444 puncto
1708 364 1767 424 Θ
1803 360 1884 424 ad
1923 359 2241 426 ambitum

206 466 437 530 circuli
474 466 702 532 ductae
740 468 909 551 sunt,
954 487 1225 532 numero
1262 488 1394 531 una
1430 467 1768 552 pauciores
1805 467 1957 551 illis,
1993 467 2240 551 magni-

204 571 435 637 tudine
484 576 701 639 autem
747 579 815 640 et
852 575 1025 640 inter
1063 595 1131 638 se
1169 575 1237 638 et
1273 574 1596 639 maximae
1635 573 1955 658 aequales,
2003 577 2070 637 et
2107 595 2241 638 sec—

206 683 389 744 tores
428 680 673 745 similes
712 680 1071 747 constructi
1108 683 1263 745 sunt
1300 684 1367 746 et
1403 681 1471 746 in
1510 680 1698 745 lineis
1738 679 1997 765 aequali
2025 679 2240 765 spatio

206 785 385 850 inter
432 808 501 851 se
548 787 1003 853 excedentibus
1049 790 1117 852 et
1152 787 1219 854 in
1257 787 1449 882 lineis
1488 787 1809 851 maximae
1847 775 2239 871 aequalibus,

205 892 752 976 itaquesectores
791 895 862 959 in
897 894 1092 960 lineis
1131 894 1452 958 maximae
1481 894 1856 978 aequalibus
1887 893 2242 959 constructi

207 998 294 1064 ad
350 1003 632 1065 sectores
686 1001 757 1065 in
800 1001 989 1066 lincis
1038 998 1295 1085 aequali
1343 1001 1554 1084 spatio
1599 1000 1772 1065 inter
1817 1023 1887 1066 se
1934 1001 2240 1066 exceden-

205 1105 391 1170 tibus
456 1110 863 1172 constructos
927 1109 1185 1190 praeter
1250 1111 1565 1172 sectorem
1627 1109 1698 1173 in
1753 1108 2040 1174 maxima
2092 1130 2238 1174 con·-

206 1215 531 1278 structum
574 1214 889 1280 maiorem
932 1214 1277 1279 rationem-
1306 1215 1570 1300 habent,
1618 1237 1812 1300 quam

379 1316 538 1384 ΘΑ’Ι
566 1344 581 1384 z
609 1324 739 1385 ΑΘ
765 1335 850 1388 ><
877 1324 1009 1384 ΘΕ
1035 1322 1116 1402 -Ι-
1146 1318 1368 1404 {EA2
1414 1324 1623 1407 [prop.
1674 1323 1752 1387 11
1803 1322 2070 1404 coroll.].

206 1425 573 1491 sectoribus
619 1430 838 1491 autem
882 1427 953 1491 in
997 1427 1187 1492 lineis
1236 1427 1494 1512 aequali
1541 1429 1754 1512 spatio
1800 1429 1971 1494 inter
2017 1451 2085 1494 se
2132 1451 2238 1493 ex-

205 1531 589 1596 cedentibus
653 1533 1045 1599 constructis
1110 1537 1377 1617 praeter
1442 1538 1758 1600 sectorem
1821 1536 1891 1600 in
1955 1537 2240 1602 maxima

206 1639 655 1704 constructum
676 1639 987 1723 »aequalis
1027 1643 1129 1704 est
1153 1640 1368 1724 figura
1399 1641 1616 1724 spatio
1643 1641 1975 1726 inscripta,
2011 1642 2238 1707 alteris

210 1748 431 1809 autem
489 1745 786 1810 circulus
879 1745 1096 1829 itaque
1158 1746 1439 1811 circulus
1501 1749 1792 1834 AZHL
1819 1748 1900 1811 ad
1957 1747 2238 1832 figuram

207 1850 591 1934 inscriptam
638 1851 953 1916 maiorem
998 1851 1320 1916 rationem
1366 1851 1588 1930 habet,
1635 1873 1829 1936 quam

714 1954 873 2023 ΑΘἱι
900 1982 915 2022 :
944 1960 1077 2021 ΘΑ
1102 1971 1189 2026 ><
1218 1961 1351 2023 ΘΕ
1377 1960 1456 2040 -l-
1489 1956 1731 2042 ᾖΑΕἳ,

202 2065 267 2130 h.
305 2086 359 2131 e.
406 2085 601 2149 quam
647 2068 916 2129 AZHI
939 2088 953 2129 ε
984 2059 1037 2133 Q'
1070 2067 1173 2145 [ex
1219 2064 1621 2149 hypothesi}
1693 2064 1912 2149 itaque
1959 2065 2238 2132 circulus

212 2183 250 2238 Q
295 2170 505 2235 maior
552 2175 653 2235 est
697 2171 911 2256 figura
956 2171 1271 2254 inscripta
1317 2170 1530 2253 [Eucl.
1567 2169 1651 2255 V,
1695 2171 1834 2257 10];
1879 2172 2053 2256 quod
2095 2173 2239 2238 fieri

208 2299 343 2342 non
404 2279 655 2362 potest,
720 2281 863 2342 erat
916 2277 1090 2341 enim
1144 2279 1374 2342 minor.
1467 2278 1690 2363 itaque
1745 2279 2017 2344 circulus
2066 2294 2102 2347 Q
2155 2302 2238 2345 ne

204 2383 421 2448 minor
458 2383 719 2467 quidem
758 2387 859 2448 est
896 2383 1111 2466 spatio
1152 2384 1619 2468 comprehenso
1649 2385 1875 2470 spirali
1903 2390 2244 2452 ΑΒΓΔΕ

208 2493 275 2554 et
318 2490 493 2554 linea.
539 2493 690 2554 AE.
783 2511 981 2574 quare
1030 2489 1321 2576 aequalis
1373 2495 1490 2556 est.

946 2680 1493 2738 COROLLARIUM.

335 2789 588 2854 Eadem
634 2795 853 2856 autem
899 2792 1153 2856 ratione
1198 2791 1808 2875 demonstrabimus,
1854 2793 2052 2858 etiam
2089 2817 2234 2878 spa-

200 2869 372 2962 tium
418 2897 956 2980 comprehensum
996 2899 1228 2982 spirali
1267 2901 1560 2985 qualibet
1595 2899 2094 2964 circumactione
2131 2901 2234 2965 de-

203 3003 445 3088 scripta
492 3006 558 3068 et
601 3004 773 3068 linea.
820 3004 1048 3069 eodem
1090 3027 1362 3070 numero
1400 3005 1758 3089 nominata,
1803 3027 1930 3089 quo
1967 3006 2234 3072 circum·

202 3111 512 3191 actioneS,
559 3109 641 3174 ad
688 3109 1002 3174 circulum
1046 3113 1458 3176 nominatum
1505 3111 1728 3176 eodem
1771 3135 2058 3197 numero,
2099 3137 2232 3244 quo

201 3283 492 3341 Torellius.
617 3291 699 3340 10.
738 3280 881 3356 ὑπό]
921 3283 1144 3355 scripsi3
1182 3306 1294 3340 υπο
1332 3306 1392 3341 τε
1432 3287 1494 3354 F,
1532 3287 1748 3358 uulgo..
1841 3289 2027 3374 τρίτον
2065 3287 2232 3355 μέρος

201 3354 275 3424 Β,
314 3355 609 3412 Torellius.
795 3362 877 3412 11.
914 3375 1181 3426 τομευσιν
1216 3357 1288 3426 Ἐ,
1335 3358 1526 3429 uulgo.
1709 3364 1790 3412 13.
1833 3353 1972 3427 ἀπό]
2009 3358 2122 3410 ὕπο
2160 3358 2230 3424 Ἐς

201 3443 338 3480 corr.
381 3426 675 3484 Torellius.
862 3434 945 3482 16.
983 3446 1123 3494 προς
1166 3446 1268 3498 per
1305 3446 1468 3498 comp
1472 3429 1594 3497 ,ςἘ
1643 3446 1780 3484 corr.
1822 3427 2121 3494 Torellius,
2170 3431 2234 3482 ut

200 3498 294 3551 lin
338 3503 421 3553 18.
584 3498 717 3586 τᾶν]
755 3518 867 3552 των
903 3515 1005 3568 per
1036 3515 1223 3583 comp
1260 3499 1331 3567 F;
1372 3516 1510 3554 corr.
1549 3471 1845 3554 'Ilm-euius.
1993 3503 2074 3553 19.
2115 3518 2232 3567 μει

204 3568 377 3634 ζονἘ.
472 3573 555 3622 25.
588 3564 824 3641 διότι]”’
793 3589 881 3623 οτι
896 3569 1134 3627 Nizzius.
1232 3575 1317 3624 28.
1348 3567 1522 3642 κατά]
1553 3570 1773 3640 scripsi3
1802 3569 2010 3638 ποτιἘ,
2038 3570 2230 3640 uulgo.

1830 3665 1862 3714 8
1878 3659 1908 3692 εκ
