2659 3967
408 170 538 234 160
591 171 979 223 ΕΠΙΠΕΔΩΝ
1014 169 1246 222 ΙΣΟΡΡ.
1282 169 1338 220 H
1365 169 1659 228 KENTPA
1693 168 1937 221 BAPszN
1971 169 2182 222 EHIII.
2219 163 2301 221 A'.

401 316 527 380 τοῦ
573 311 697 400 μὲν
735 320 800 379 Α
845 311 950 379 ἐπὶ
976 271 1087 404 ὶτῷ
1129 316 1205 398 Ζ,
1250 315 1376 378 τοῦ
1423 309 1498 378 δὲ
1534 315 1600 378 Γ
1636 311 1742 377 ἐπὶ
1787 314 1878 402 τῷ
1912 317 1992 376 Δ.
2061 308 2174 377 διὰ
2221 306 2439 377 ταύτὰ

408 417 470 487 δ’
506 415 656 487 οὐδ’
699 421 761 487 εἰ
785 417 862 487 τὸ
894 423 960 486 Γ
986 417 1211 505 μεῖζόν
1250 419 1430 485 ἐστιν
1459 413 1500 504 ἢ
1533 415 1702 485 ὥστε
1739 419 2128 504 ἰσορροπεῖν
2164 420 2258 508 τῷ
2289 424 2354 483 Α
2365 423 2448 483 Β.

1379 640 1420 699 η
1455 665 1469 680 .

543 746 638 806 Ec
694 765 780 806 κα
831 736 964 806 ἀπό
1021 763 1205 820 τινος
1258 738 1579 825 μεγέθεος
1632 734 1978 828 ἀφαιρεθῇ
2035 763 2099 804 τι
2155 739 2448 825 μέγεθος

336 859 371 908 5
411 844 615 932 μὴτὸ
654 843 822 913 αὐτὸ
860 846 1141 933 κέντρον
1174 849 1330 931 ἔχον
1366 847 1458 936 τῷ
1498 842 1656 936 ὅλῳ,
1693 848 1816 912 τοῦ
1856 848 2098 913 λοιποῦ
2127 847 2451 931 μεγέθεος

406 951 691 1038 κέντρον
736 951 875 1018 ἐστὶ
918 956 1043 1019 τοῦ
1079 949 1346 1039 βάρεος,
1393 953 1834 1036 ἐκβληθείσας
1866 954 1985 1030 τᾶς
2021 947 2294 1032 εὐθείας
2327 955 2452 1032 τᾶς

412 1059 967 1144 ἐπιζευγνυούσας
1028 1055 1110 1124 τὰ
1166 1058 1410 1145 κέντρα
1462 1059 1601 1124 ταῖν
1656 1059 1922 1145 βαρέων
1977 1061 2098 1125 τοῦ
2153 1083 2224 1126 τε
2279 1057 2450 1126 ὅλου

411 1164 731 1251 μεγέθεος
774 1165 886 1232 καὶ
932 1169 1055 1233 τοῦ
1104 1163 1548 1254 ἀφῃρημένου
1595 1162 1699 1231 ἐπὶ
1744 1161 1826 1231 τὰ
1876 1161 2068 1249 αὐτά,
2115 1162 2224 1251 ἐφ’
2276 1160 2319 1231 ἃ
2365 1163 2444 1233 τὸ

410 1272 692 1359 κέντρον
745 1275 871 1339 τοῦ
928 1269 1093 1339 ὅλου
1139 1271 1488 1358 μεγέθεος,
1543 1268 1654 1336 καὶ
1709 1265 2221 1356 ἀπολαφθείσας
2262 1268 2449 1350 τινὸς

308 1394 375 1445 10
413 1374 545 1445 ἀπὸ
586 1381 756 1462 [τοῖς]
798 1380 1236 1464 ἐκβληθείσας
1271 1381 1389 1456 τᾶς
1427 1375 1986 1463 έπιζευγνυούσας
2019 1373 2101 1444 τὰ
2128 1378 2448 1467 εἰρημένα

410 1485 674 1572 κέντρα,
721 1482 891 1553 ὥστε
931 1484 1057 1552 τὸν
1104 1481 1314 1553 αὐτὸν
1363 1489 1538 1571 ἔχειν
1586 1483 1795 1570 λόγον
1839 1484 1990 1552 ποτὶ
2036 1482 2161 1552 τὰν
2199 1483 2434 1571 peragi

411 1593 548 1659 τῶν
593 1592 911 1681 κέντρων,
958 1588 1041 1659 ὃν
1088 1595 1221 1678 ἔχει
1266 1588 1342 1658 τὸ
1379 1589 1590 1680 βάρος
1625 1595 1764 1671 τοῦ,
1785 1587 2228 1680 ἀφῃρημένου
2265 1592 2448 1679 μεγέ-

410 1706 575 1777 θεος
631 1699 784 1766 ποτὶ
840 1696 917 1766 τὸ
973 1701 1098 1766 τοῦ
1152 1701 1396 1766 λοιποῦ
1452 1699 1691 1787 βάρος,
1751 1696 1825 1767 τὸ
1874 1699 2078 1787 πέρας
2121 1703 2239 1779 τοῖς
2283 1696 2450 1768 ἀπο-

414 1809 807 1890 λαφθείσας.

310 1929 377 1979 15
549 1915 715 1979 ἔστω
771 1910 1092 1997 μεγέθεός
1136 1937 1319 1990 τινος
1363 1915 1486 1979 τοῦ
1534 1918 1665 1979 ΑΒ
1710 1911 1993 1999 κέντρον
2038 1915 2159 1980 τοῦ
2208 1910 2454 2000 βάρεος

414 2016 490 2084 τό
538 2022 611 2083 Γ.
701 2017 813 2085 καὶ
870 2015 1253 2106 ἀφῃρήσθω
1301 2015 1432 2086 ἀπὸ
1481 2022 1603 2086 τοῦ
1652 2025 1783 2085 ΑΒ
1827 2016 1904 2085 τὸ
1954 2026 2125 2105 ΑΔ,
2174 2010 2258 2086 οὖ
2303 2019 2454 2087 κέν-

413 2149 577 2204 τρον
639 2127 763 2192 τοῦ
820 2123 1064 2211 βάρεος
1125 2129 1291 2192 ἔστω
1346 2123 1422 2192 τὸ
1484 2132 1560 2192 Ε.
1653 2125 2149 2213 ἐπιζευχθείσας
2203 2124 2280 2194 δὲ
2332 2129 2454 2206 τᾶς

417 2237 533 2298 ΕΙ
586 2230 698 2297 καὶ
746 2231 1184 2317 ἐκβληθείσας
1228 2228 1687 2317 ἀπολελάφθω
1727 2229 1770 2298 ἆ
1812 2237 1932 2299 ΓΖ
1970 2231 2122 2300 ποτὶ
2160 2231 2287 2299 τάν
2324 2238 2458 2299 ΓΕ

416 2343 625 2421 λόγον
662 2341 907 2425 ἔχουσα
943 2336 1063 2406 τὸν
1100 2334 1333 2424 αὐτόν,
1385 2333 1467 2405 ὃν
1505 2341 1636 2425 ἔχει
1673 2334 1749 2406 τὸ
1788 2347 1854 2405 A
1865 2346 1933 2404 A
1978 2339 2264 2424 μέγεθος
2299 2339 2451 2407 ποτὶ

308 2461 381 2511 20
416 2441 495 2511 τὸ
535 2450 699 2512 ΔΗ.
776 2446 1102 2532 δεικτέον,
1152 2442 1255 2512 ὅτι
1300 2447 1424 2511 τοῦ
1463 2450 1614 2511 ΔΗ
1654 2444 1973 2531 μεγέθεος
2010 2446 2292 2534 κέντρον
2326 2449 2452 2515 τοῦ

417 2551 663 2641 βάρεός
709 2555 847 2622 ἐστι
891 2549 967 2621 τὸ
1015 2557 1071 2618 Ζ
1117 2553 1428 2641 causton}

552 2659 641 2747 μὴ
680 2659 833 2750 γάρ,
880 2656 1028 2727 ἀλλ’
1072 2662 1136 2726 εἰ
1170 2657 1489 2745 δυνατόν,
1538 2661 1706 2727 ἔστω
1743 2655 1820 2725 τὸ
1861 2666 1919 2726 Θ
1956 2673 2252 2747 σαμεῖον.
2315 2659 2456 2728 ἐπεὶ

421 2760 548 2835 οὖν
599 2771 725 2836 τοῦ
786 2765 908 2854 μὲν
954 2773 1019 2834 A
1031 2773 1098 2833 A
1152 2765 1472 2852 μεγέθεος
1523 2766 1808 2856 κέντρον
1855 2769 1978 2835 τοῦ
2027 2766 2271 2855 βάρεός
2319 2769 2457 2836 ἐστι

419 2872 495 2942 τὸ
545 2881 632 2960 Ε,
688 2878 811 2943 τοῦ
858 2873 935 2941 δὲ
981 2879 1131 2939 ΔΗ
1171 2870 1246 2940 τὸ
1296 2878 1356 2938 Θ
1401 2885 1712 2960 σαμεῖον,
1753 2869 1891 2942 ’τοῦ
1938 2875 2004 2954 ἐξ
2053 2871 2454 2961 ἀμφοτέρων

312 2995 384 3045 25
421 2984 557 3048 τῶν
595 2989 659 3048 A
671 2963 956 3066 AJ'ZH
998 2978 1342 3066 μεγεθέων
1387 2979 1669 3068 κέντρον
1714 2984 1836 3048 τοῦ
1884 2979 2129 3067 βάρεος
2167 2981 2456 3048 ἐσσείται

570 3184 617 3231 1.
654 3176 759 3248 τῷ]
800 3175 997 3245 scripsi
1036 3193 1163 3232 cum
1202 3176 1273 3245 B;
1312 3196 1376 3231 το
1413 3175 1474 3245 F,
1511 3176 1684 3245 uulgo
1725 3175 1869 3244 (bis).
1982 3182 2031 3231 2.
2072 3176 2147 3246 τῷ
2177 3176 2303 3248 AB]
2345 3176 2456 3230 To-

421 3247 642 3315 rellius;
680 3266 745 3302 το
780 3251 825 3301 A
862 3247 925 3314 F,
962 3247 1062 3301 uul
1105 3265 1153 3304 o.
1299 3255 1351 3306 3.
1391 3245 1448 3306 ς’
1487 3245 1547 3304 F.
1693 3251 1744 3300 8.
1787 3240 1886 3314 ἐφ’
1926 3239 1990 3318 ἀ]
2031 3247 2255 3317 scripsi3
2305 3265 2382 3316 εφ
2422 3241 2453 3300 ὁ

423 3320 495 3390 F,
531 3320 730 3390 uulg03
780 3313 882 3373 ἐπί
912 3316 1055 3373 Tore
1106 3319 1206 3373 'um
1393 3325 1476 3373 10.
1513 3317 1638 3389 τᾶς]
1687 3317 1865 3372 deleo,
2052 3325 2134 3374 11.
2173 3337 2314 3390 προς
2349 3337 2454 3385 την

424 3396 689 3461 (οοῐῑιΡΡ.)
717 3390 787 3454 F;
827 3406 965 3445 corr.
998 3387 1293 3445 Torellius.
1409 3397 1491 3446 12.
1530 3410 1642 3442 των
1671 3407 2058 3459 αφηρημενων
2090 3393 2356 3459 μεγεθων
2385 3389 2456 3456 Ρς

425 3479 563 3517 corr.
604 3462 689 3516 ed.
727 3460 900 3586 3⁰1⁴?st
967 3466 1096 3587 l13.
1134 3477 1412 3603 πρέςᾶρὲι·
1448 3475 1650 3584 compi?
1671 3460 1742 3528 F3
1783 3475 1920 3514 corr.
1960 3459 2252 3517 TorelliuS.
2365 3466 2452 3515 24.

424 3552 752 3604 αμφοτερου
838 3573 851 3598 ,
890 3551 965 3588 uu
990 3549 1079 3603 go,
1391 3550 1571 3602 αρεως
1655 3574 1667 3586 .

2628 0 2642 142 1
