2659 3967
775 220 875 277 DE
910 219 1154 277 LINEIS
1189 221 1635 277 SPIRALIBUS.
2142 220 2225 285 17

182 368 249 434 in
291 370 600 452 tempore
639 371 796 432 ΛΗ.
843 368 1097 453 quoties
1133 371 1353 433 autem
1387 367 1563 433 linea
1601 367 1746 431 ΔΕ
1773 367 1844 431 in
1877 367 2052 433 linea
2090 370 2224 432 AB

183 474 582 560 continetur,
627 474 828 541 toties
875 476 1285 541 contineatur
1329 478 1589 559 tempus
1636 478 1782 539 ΘΗ
1817 474 1886 539 in
1931 479 2225 559 tempore

183 584 342 645 KH.
435 582 580 647 iam
617 582 930 667 quoniam
975 581 1386 667 suppositum
1424 584 1545 665 est,
1586 584 1899 667 punctum
1945 581 2016 646 in
2050 580 2227 649 linea

179 690 308 751 AB
372 687 816 773 aequabiliter
872 686 1056 773 ferri,
1113 686 1409 773 adparet,
1465 709 1594 772 quo
1650 690 1941 773 tempore
1984 687 2226 755 lineam

181 794 304 856 ΓΔ
346 798 681 879 permeat,
736 816 813 861 eo
869 794 1066 859 etiam
1127 793 1421 879 singulas
1476 794 1690 859 lineae
1734 797 1870 860 ΓΔ
1925 793 2224 879 aequales

177 920 540 983 permeare.
612 900 1030 967 manifestum
1077 900 1437 995 igiturest,
1480 904 1792 985 punctum
1828 899 1990 965 illud
2024 900 2225 965 etiam

179 1005 429 1072 lineam
478 1006 914 1093 compositam
957 1008 1022 1073 A
1033 1012 1101 1071 A
1145 1029 1222 1073 eo
1267 1010 1561 1095 tempore
1606 1028 1968 1092 permeare,
2022 1029 2226 1093 quan-

175 1114 318 1177 tum
379 1118 488 1179 est
543 1118 801 1198 tempus
848 1116 911 1177 A
921 1116 1017 1199 H,
1070 1114 1409 1198 quoniam,
1463 1113 1718 1198 quoties
1772 1113 1943 1179 linea
1985 1115 2114 1178 ΓΔ
2156 1113 2226 1178 in

175 1218 356 1284 linea
413 1225 484 1285 A
495 1224 564 1284 A
629 1220 1028 1303 continetur,
1091 1220 1290 1285 toties
1356 1217 1725 1285 continetur
1778 1222 2035 1306 tempus
2093 1223 2234 1285 ZH

175 1324 246 1389 in
289 1328 594 1409 tempore
640 1328 802 1391 ΛΗ.
876 1325 1101 1391 eedem
1145 1325 1350 1410 igitur
1394 1325 1473 1392 de
1510 1346 1707 1391 causa
1743 1326 1942 1391 etiam
1978 1326 2225 1393 lineam

175 1434 234 1494 Β
248 1436 320 1495 Δ
358 1454 442 1497 eo
469 1430 765 1517 tempore
793 1435 1086 1518 permeat
1122 1436 1456 1517 punctum,
1492 1436 1810 1519 quantum
1838 1436 1940 1498 est
1966 1436 2225 1519 tempus

176 1541 335 1604 KH.
386 1540 524 1605 iam
551 1540 862 1626 quoniam
879 1544 1091 1614 AA>
1103 1542 1249 1623 BA,
1277 1538 1573 1624 adparet,
1598 1542 1912 1625 punctum
1928 1538 2225 1623 longiore

176 1648 485 1730 tempore
557 1646 798 1713 lineam
873 1649 1017 1711 AA
1087 1667 1423 1731 permeare
1498 1668 1693 1731 quam
1766 1645 2007 1710 lineam
2070 1648 2226 1712 BA.

180 1772 384 1834 quare
423 1752 552 1817 erit
578 1755 641 1817 A
650 1755 807 1827 H>
827 1754 899 1817 K
904 1755 994 1817 H.
1049 1755 1117 1817 et
1143 1751 1367 1817 eodem
1395 1750 1588 1816 modo
1618 1750 2226 1835 demonstrabimuS,

179 1857 390 1922 etiam
420 1858 478 1923 si
505 1878 583 1922 ex
609 1858 1016 1942 temporibus
1045 1862 1200 1943 ZH,
1236 1860 1377 1922 ΗΘ
1412 1859 1711 1943 tempora
1738 1858 2226 1941 componantur,

181 1964 740 2049 quotiescumque·
771 1964 841 2029 in
884 1963 966 2029 iis
1013 1963 1129 2029 illa
1165 1968 1465 2048 tempora
1501 1960 1975 2046 contineantur,
2021 1961 2114 2028 ita
2150 1967 2226 2029 ut

183 2068 474 2134 alterum
541 2069 811 2135 excedat
873 2070 1180 2154 alterum,
1245 2070 1445 2134 etiam
1507 2068 1829 2133 linearum
1894 2090 1974 2135 ex
2034 2069 2226 2135 lineis

180 2177 339 2258 ΓΔ,
395 2180 542 2241 ΔΕ
590 2176 784 2241 toties
841 2175 1146 2261 sumptis,
1204 2174 1461 2259 quoties
1508 2178 1804 2260 tempora
1851 2178 2011 2259 ZH,
2065 2178 2146 2240 H
2150 2180 2227 2259 Θ,

185 2282 702 2368 compositarum
767 2304 911 2349 eam
987 2281 1288 2347 excedere
1356 2281 1655 2365 alteram,
1720 2302 1885 2365 quae
1948 2282 2225 2367 tempori

185 2389 521 2464 excedenti
573 2388 981 2474 respondeat.
1065 2387 1337 2472 adparet
1390 2386 1623 2472 igitur,
1687 2407 1828 2453 esse
1886 2389 2014 2452 ΓΔ
2043 2411 2058 2454 :
2090 2393 2156 2451 A
2167 2392 2231 2452 E

187 2526 271 2549 -·-
304 2499 450 2561 ΖΗ
471 2520 486 2561 :
514 2498 653 2560 ΗΘ
699 2493 908 2575 [Eucl.
955 2490 1018 2557 V
1065 2492 1188 2557 def.
1236 2492 1328 2573 5].

299 3668 598 3709 Archimedes
625 3668 694 3711 ed.
721 3670 937 3719 Heiberg.
976 3670 1040 3710 11.
1872 3664 1905 3711 2
