2659 3967
1061 163 1505 222 ARENARIUS.
2167 169 2296 236 267

266 308 484 394 digiti.
571 309 699 374 hoo
751 313 970 374 autem
1026 331 1321 394 suppono
1373 333 1444 376 re
1489 312 1615 378 hoe
1659 314 1852 380 modo
1901 316 2298 380 examinata:

266 417 347 482 in
389 416 615 501 regula
660 415 829 480 laeui
876 417 1128 481 semina
1160 419 1506 501 papaueris
1543 419 1614 484 in
1649 420 1874 486 eadem
1909 420 2086 486 linea
2121 425 2300 486 reeta

268 524 493 608 posita
536 525 710 606 sunt,
730 522 851 588 ‘ita
896 527 971 588 ut
1014 523 1189 590 inter
1224 545 1293 590 se
1326 527 1694 611 tangerent,
1739 529 1806 592 et
1841 527 2080 612 uiginti
2117 529 2299 612 quin-

272 652 401 714 que
475 629 725 695 semina
788 629 1073 714 spatium
1136 631 1344 695 maius
1406 632 1812 718 longitudine
1876 633 2132 718 digitali
2193 655 2297 698 ex·

268 737 637 822 plenerunt.
714 736 1104 802 diametrum
1149 737 1350 822 igitur
1393 739 1658 804 seminis
1703 739 2048 824 papaueris
2091 741 2298 806 mino-

270 865 411 910 rem
473 864 719 928 ponens
784 866 929 909 eam
994 843 1552 928 quadragesimam
1605 845 1743 912 fere
1797 851 2048 930 partem
2105 846 2298 932 digiti

269 971 395 1015 nee
450 950 769 1016 minorem
824 972 965 1016 esse
1018 972 1337 1035 suppono,
1389 953 1800 1037 propositum
1847 953 2073 1037 etiam,
2128 953 2296 1037 quod

273 1057 357 1124 ad
412 1057 582 1122 hane
635 1078 772 1122 rem
826 1057 1139 1143 pertinet,
1199 1078 1392 1141 quam
1443 1059 1806 1124 certissime
1861 1059 2297 1126 demonstrari

272 1161 617 1247 cupi-ens.¹)

410 1287 529 1353 III.
591 1285 775 1354 Haec
820 1293 973 1354 sunt
1016 1289 1238 1374 igitur,
1284 1306 1442 1372 quae
1489 1309 1804 1372 suppono.
1873 1290 2034 1355 utile
2081 1295 2297 1356 autem
2340 1296 2373 1359 1

272 1417 419 1460 esse
464 1395 792 1477 existimo,
836 1393 1422 1458 denominationem
1465 1416 1881 1460 numerorum
1929 1397 2182 1482 exponi,
2226 1401 2301 1462 ut

274 1506 640 1584 ceterorum
696 1523 950 1587 quoque
1005 1501 1117 1586 qui
1170 1502 1239 1566 in
1292 1501 1525 1566 librum
1571 1503 1654 1568 ad
1700 1502 2100 1587 Zeuxippum
2145 1505 2298 1568 mis·

276 1631 423 1674 sum
458 1631 591 1674 non
626 1609 1011 1692 inciderunt,
1056 1631 1139 1674 ne
1172 1607 1495 1692 haereant,
1539 1611 1712 1694 quod
1745 1609 1912 1674 nihil
1947 1610 2024 1674 de
2062 1630 2139 1675 ea
2174 1610 2298 1675 hoe

270 1716 349 1780 in
375 1715 545 1780 libro
568 1715 810 1799 dietum
840 1717 945 1780 sit.
992 1715 1229 1780 accidit
1252 1715 1473 1801 igitur,
1497 1721 1570 1781 ut
1593 1717 1864 1782 nomina
1882 1737 2298 1780 numerorum
2335 1720 2377 1784 2

276 1823 362 1886 ad
412 1822 630 1887 10000
674 1822 864 1888 nobis
908 1822 1155 1887 tradita
1200 1823 1360 1906 sint,
1406 1826 1468 1886 et
1511 1845 1702 1909 super
1752 1823 1968 1888 10000
2013 1823 2176 1888 satis
2223 1844 2299 1887 ea
2411 1839 2416 1845 ·

275 1929 721 2016 intellegimus
750 1930 1075 2014 myriades
1102 1933 1518 1997 numerantes
1544 1951 1742 2014 usque
1771 1929 1856 1994 ad
1887 1929 2324 2016 100000000.ο

275 2037 351 2100 hi
395 2036 599 2122 igitur
642 2037 892 2100 numeri
936 2059 1141 2120 usque
1188 2036 1270 2101 ad
1312 2036 1700 2102 100000000
1735 2036 1932 2121 primi
1967 2037 2301 2100 nocentur.

278 2141 395 2208 sed
467 2141 687 2206 decem
760 2142 967 2206 millia
1037 2143 1406 2226 myriadum
1467 2143 1819 2226 primorum
1881 2163 2300 2207 numerorum

276 2248 497 2314 unitas
542 2251 811 2313 uocetur
846 2248 1269 2312 secundorum
1304 2269 1730 2333 numerorum,
1777 2252 1843 2313 et
1877 2251 2302 2313 numerentur

278 2354 709 2420 secundorum
754 2375 1173 2420 numerorum
1218 2354 1502 2420 unitates
1546 2359 1612 2419 et
1655 2377 1734 2419 ex
1777 2355 2146 2420 unitatibus
2193 2355 2298 2418 de-

278 2460 471 2526 cades
518 2462 585 2526 et
627 2461 1090 2526 hecatontades
1139 2465 1205 2526 et
1252 2461 1557 2526 chiliades
1605 2464 1670 2526 et
1712 2461 2038 2546 myriades
2077 2460 2159 2524 ad
2195 2459 2301 2524 de-

278 2589 421 2634 eem
494 2567 703 2633 millia
774 2567 1154 2652 myriadum.
1251 2588 1476 2633 rursus
1542 2570 1750 2632 autem
1815 2567 2014 2632 etiam
2080 2565 2298 2630 decem

430 2799 483 2866 1)
520 2796 628 2854 Cfr.
666 2795 933 2852 Kastnere
970 2795 1169 2852 Gesch.
1211 2795 1262 2850 d.
1302 2793 1569 2850 Mathem.
1604 2795 1658 2847 Π
1693 2811 1749 2862 p.
1784 2799 1908 2850 746.

280 3031 373 3097 lis,
412 3029 704 3086 Toranius.
889 3033 973 3086 18.
1012 3029 1239 3100 μωρίας]
1279 3045 1388 3084 om.
1423 3027 1494 3094 Ἐς
1538 3042 1676 3080 corr.
1711 3025 1929 3083 Wallis.
2101 3023 2300 3096 ἔστων]

280 3101 517 3170 Walli03
557 3118 695 3156 εστω
724 3100 786 3172 F,
821 3101 1013 3170 uulgo,
1124 3105 1207 3156 19.
1246 3120 1318 3155 τοι
1356 3117 1563 3170 μυριᾶν
1601 3099 1808 3168 mom&
1840 3115 1968 3154 eum
2003 3114 2184 3167 comp.
2223 3117 2303 3152 mv

282 3173 353 3242 Ἐς
400 3188 539 3228 corr.
588 3171 815 3228 Wallis.
988 3177 1075 3226 21.
1126 3165 1417 3242 ἀριθμῶν]
1471 3181 1581 3224 o'm.
1627 3169 1700 3235 F3
1757 3185 1890 3224 cort.
1940 3168 2160 3224 Wallis.

283 3241 709 3316 ἇρνθμείσθων]
748 3243 973 3314 seripsi3
1010 3245 1153 3312 αριθ
1196 3262 1275 3296 ων
1301 3241 1365 3308 F,
1401 3241 1592 3311 uulgo,
1699 3245 1785 3297 22.
1823 3239 2101 3310 δευτέρων
2138 3234 2303 3307 ἀριθ-

286 3316 411 3388 μῶν
444 3314 667 3383 wallia,
706 3315 999 3370 Torellius.
1168 3332 1203 3367 κ
1238 3312 1370 3383 τᾶν]
1411 3312 1633 3382 seripsi3
1672 3305 1874 3366 ἕκατον
1905 3311 1968 3379 F,
2005 3311 2204 3379 uulg03
2243 3305 2310 3362 αἰ

284 3383 401 3444 ἀπὸ
440 3386 553 3441 τῶν
589 3384 653 3454 Β,
690 3381 805 3442 ἀπὸ
843 3385 949 3442 τᾶν
987 3383 1207 3452 Wallis,
1245 3382 1539 3438 Tor-allius.
1663 3387 1747 3438 23.
1787 3377 1846 3444 ἐς
1881 3378 2000 3453 τοὶς]
2039 3399 2198 3436 ectaz
2232 3380 2304 3446 1¹3

282 3455 681 3584 aenffiswallin.
861 3463 947 3514 24.
987 3475 1120 3528 μωρι
1164 3457 1315 3526 (cum
1361 3471 1543 3524 comp.
1581 3457 1680 3522 ων)
1727 3453 2012 3524 μυριαόων
2049 3452 2118 3518 F3
2167 3467 2306 3507 corr·

358 3545 397 3584 fle
495 3571 510 3584 .
