2659 3967
430 188 565 259 468
1208 190 1681 250 FRAGMENTA.

420 339 655 423 quibus
704 362 743 404 a
787 343 998 405 terrae
1036 340 1376 426 superficie
1413 340 1570 405 luna
1604 341 1880 407 distaret
1916 346 1983 407 et
2021 364 2060 406 a
2094 343 2250 409 luna
2288 343 2460 409 Mer-

419 447 655 530 curiuS,
702 468 741 512 a
786 446 1109 513 Mercurio
1157 447 1401 533 Venus,
1447 449 1546 513 sol
1593 470 1632 525 a
1677 447 1948 532 Venere,
1990 448 2167 513 Mars
2217 456 2255 513 a
2302 450 2461 533 sole,

420 575 459 618 a
505 552 716 619 Marte
771 553 1048 639 Iupiter,
1106 554 1427 621 Saturnus
1485 579 1523 621 a
1569 555 1753 640 Ioue3
1811 556 1924 621 sed
1979 560 2046 621 et
2106 579 2145 621 a
2190 553 2459 623 Saturni

418 661 577 726 orbe
638 683 839 746 usque
896 662 978 725 ad
1033 662 1247 746 ipsum
1305 662 1696 727 stelliferum
1753 663 2000 727 caelum
2057 685 2247 728 omne
2303 686 2454 747 spa-

417 768 586 833 tium
632 790 701 833 se
746 768 1004 833 ratione
1050 790 1383 834 emensum
1420 770 1694 854 putauit.
1760 792 1924 855 quae
1961 774 2187 834 tamen
2224 769 2460 835 Archi-

420 874 625 940 medis
673 874 991 940 dimensio
1040 897 1081 939 a
1106 875 1464 941 Platonicis
1510 867 1854 960 repudiata
1893 880 1993 999 est
2029 877 2217 961 quasi
2253 876 2455 960 dupla

416 984 485 1045 et
529 982 729 1066 tripla
773 981 1125 1047 interualla
1169 1003 1302 1047 non
1349 992 1640 1047 seruans.

956 1178 1063 1243 De
1112 1179 1293 1244 anni
1340 1177 1896 1265 magnitudine.

315 1306 395 1372 18
549 1301 967 1389 Hipparchus
1025 1303 1193 1429 apud
1239 1303 1689 1369 Ptolemaeum
1737 1319 1920 1369 συντ.
1964 1303 1998 1368 Ι
2053 1327 2117 1388 p.
2169 1304 2294 1370 153
2349 1306 2452 1369 ed.

414 1408 679 1475 Halma.
728 1407 799 1474 ἐκ
844 1408 968 1494 μὲν
1016 1398 1143 1476 οὖν
1186 1406 1448 1475 τούτων
1494 1411 1629 1476 τῶν
1653 1407 2022 1541 1,τηρνήεϊεων
2061 1412 2295 1495 δῆλον,
2343 1436 2452 1476 οτι

413 1513 642 1602 μικραὶ
702 1511 1124 1599 παντάπασιν
1178 1507 1542 1600 γεγόνασιν
1598 1516 1673 1581 αἱ
1721 1518 1860 1583 τῶν
1917 1517 2247 1583 ἐνιαυτῶν
2304 1519 2452 1582 dm-

414 1625 647 1709 φοραί·
720 1617 866 1689 ἀλλ’
929 1619 1035 1688 ἐπὶ
1090 1618 1213 1706 μὲν
1266 1623 1402 1687 τῶν
1457 1624 1726 1710 τροπῶν
1783 1619 1908 1689 οὐκ
1960 1619 2288 1703 ἀπελπίζω
2335 1624 2452 1691 καὶ

410 1725 587 1815 ἡμᾶς
630 1727 742 1794 καὶ
787 1723 910 1794 τὸν
950 1724 1308 1816 Ἀρχιμήδη
1355 1726 1467 1793 καὶ
1515 1728 1713 1816 ἐν·τῇ
1758 1727 2030 1815 τηρήσει
2074 1727 2187 1794 καὶ
2235 1730 2308 1796 ἐν
2354 1755 2450 1821 τῳ

416 1837 841 1926 συλλογισμῷ
914 1832 1397 1921 διαμαρτάνειν
1460 1833 1580 1900 καὶ
1637 1836 1758 1913 ἕως
1819 1831 2139 1921 τετάρτου
2201 1835 2452 1920 μέρους

412 1937 679 2029 ἡμέρας.
745 1943 858 2008 cfr.
903 1943 1290 2008 Ammianus
1336 1942 2042 2027 MarcellinusXXVI,
2094 1945 2150 2027 1,
2187 1944 2256 2009 8:
2303 1967 2452 2029 spa·

412 2051 581 2115 tium
636 2050 791 2115 anni
846 2050 1166 2125 uertentis
1211 2048 1278 2113 id
1324 2070 1466 2114 esse
1511 2050 1708 2133 periti
1755 2049 2063 2115 munda-ni
2109 2054 2328 2115 motus
2379 2057 2450 2116 et

414 2156 696 2222 siderum
740 2156 1054 2222 definiunt
1102 2150 1375 2239 ueteres,
1420 2158 1593 2222 inter
1639 2179 1800 2243 quos
1837 2156 2063 2222 Meton
2107 2160 2174 2221 et
2208 2156 2448 2222 Eucte-

415 2245 572 2329 mon
626 2268 689 2329 et
744 2262 1158 2347 Hipparchus
1215 2267 1290 2328 et
1337 2262 1834 2341 Archimedes
1891 2263 2238 2346 excellunt,
2293 2286 2448 2331 cum

414 2371 514 2435 sol
549 2370 817 2456 perenni
853 2391 1069 2434 rerum
1106 2369 1485 2435 sublimium
1522 2370 1666 2454 lege
1704 2370 1854 2455 polo
1893 2352 2200 2454 percurso
2241 2371 2448 2455 signi-

412 2478 571 2562 fero,
618 2496 810 2562 quem
857 2474 1205 2542 Zodiacum
1253 2498 1466 2542 sermo
1515 2475 1798 2541 Graecus
1845 2476 2151 2561 adpellat‚
2195 2479 2455 2543 trecen-‘

413 2586 500 2650 tis
560 2588 627 2648 et
680 2583 1021 2670 sexaginta
1075 2583 1358 2669 quinque
1413 2582 1640 2648 diebus
1692 2583 1972 2647 emensis
2027 2586 2093 2647 et
2135 2585 2446 2652 noctibus

415 2691 497 2759 ad
546 2690 816 2756 eundem
862 2690 1126 2756 redierit
1172 2689 1514 2756 cardinem.
