2659 3967
410 176 543 242 332
597 185 604 190 ’
865 176 1475 228 ΤΕΤΡΑΓΩΝῙΣΜΟΣ
1513 172 1979 228 ΠΑΡΑΒΟΑΗΣ.

409 316 540 407 γὰρ
586 324 739 386 ΜΕ
779 317 1128 404 τραπέζιον
1172 316 1439 403 κοινόν,
1494 316 1571 386 τὸ
1621 317 1695 386 δὲ
1740 323 1893 384 ΜΛ
1941 324 2093 386 ἴσον
2138 320 2231 409 τῷ
2285 323 2447 402 ΦΛ,

410 425 522 493 καὶ
567 426 643 491 τὸ
684 426 816 501 ΛΞ
858 431 1009 492 ἴσον
1053 428 1145 516 τῷ
1184 430 1324 509 ΘΡ,
1370 424 1483 492 καὶ
1528 421 1605 491 τὸ
1644 426 1775 501 ΧΞ
1817 431 1969 493 ἴσον
2002 428 2095 517 τῷ
2139 429 2288 507 ΟΘ,
2328 421 2448 489 καὶ

410 528 487 601 τὸ
535 536 748 599 ΓΧΠ
784 536 1118 616 τρίγωνον
1163 533 1254 622 τῷ
1303 534 1508 595 ΓΟΣ
1547 528 1872 619 τριγώνῳ.
1954 528 2031 598 τὸ
2079 528 2163 617 δὴ
2216 536 2270 596 Ζ
2318 556 2447 615 χω-

407 642 560 725 ρίον
607 635 896 704 ἔλασσόν
944 638 1080 704 ἐστι
1126 627 1263 704 τών
1307 640 1673 723 τραπεζίων
1718 639 1855 704 τῶν
1898 642 2072 722 ΜΛ,
2120 638 2259 721 ΞΡ,
2309 643 2386 703 Π
2392 642 2451 703 Θ

345 761 377 810 5
411 744 524 811 καὶ
569 747 694 811 τοῦ
741 751 818 811 Π
825 750 955 811 ΟΓ
989 742 1342 832 τριγώνου.
1406 746 1526 808 καί
1566 744 1703 809 ἐστι
1748 739 1825 809 τὸ
1862 748 2001 808 ΒΔ
2012 746 2077 808 Γ
2108 747 2452 828 τρίγωνον

411 849 809 939 τριπλάσιον
853 853 976 917 τοῦ
1008 856 1064 916 Ζ
1107 852 1375 935 χωρίου.
1440 844 1514 914 τὸ
1564 843 1649 933 δὴ
1678 854 1816 914 ΒΛ
1825 852 1890 913 Γ
1928 846 2217 915 ἔλασσόν
2264 850 2451 916 ἐστιν

411 952 455 1042 ἢ
513 954 910 1044 τριπλάσιον
964 958 1100 1022 τών
1146 960 1328 1038 ΜΛ,
1376 955 1521 1039 ΡΞ,
1570 960 1714 1022 ΘΠ
1749 958 2119 1040 τραπεζίων
2163 954 2277 1021 καὶ
2322 957 2453 1022 τοῦ

415 1069 492 1129 Π
498 1067 628 1128 ΟΓ
663 1060 1021 1147 τριγώνου·
1097 1057 1259 1146 ὅπερ
1305 1056 1668 1127 ἀδύνατον.
1745 1061 2016 1146 ἐδείχθη
2055 1058 2185 1149 γὰρ
2224 1065 2453 1147 μεῖζον

417 1165 534 1235 ἐὸν
597 1163 640 1252 ἢ
695 1163 1108 1252 τριπλάσιον.
1200 1161 1457 1232 οὐκοῦν
1496 1162 1597 1231 οὐ
1652 1158 1901 1254 μεῖζόν.
1933 1167 2071 1233 ἐστι
2124 1163 2201 1234 τὸ
2257 1171 2465 1233 ΒΘΓ

313 1290 382 1339 10
417 1276 641 1359 τμᾶμα
699 1275 823 1338 τοῦ
879 1278 935 1337 Ζ
994 1275 1261 1358 χωρίου.
1352 1270 1523 1355 λέγω
1581 1268 1699 1356 δή,
1762 1268 1865 1338 ὅτι
1927 1268 2089 1339 οὐδὲ
2144 1276 2457 1339 ἔλασσον.

419 1383 586 1445 ἔστω
623 1377 777 1464 γάρ,
815 1381 876 1444 εἰ
913 1374 1228 1461 δυνατόν,
1267 1380 1571 1444 ἔλασσον.
1635 1375 1841 1443 πάλιν
1878 1375 2011 1466 ἄρα
2049 1374 2090 1443 ἆ
2128 1374 2457 1465 ὑπεροχά,

419 1476 462 1573 ᾇ
519 1481 825 1573 ’ὑπερέχει
883 1480 960 1551 τὸ
1019 1489 1073 1549 Ζ
1132 1488 1383 1569 χωρίον
1437 1485 1560 1549 τοῦ
1607 1488 1805 1550 ΒΘΓ
1850 1482 2215 1570 τμάματος,
2280 1481 2458 1549 αὐτὰ

419 1591 622 1679 ἑαυτᾷ
680 1590 1127 1676 συντιθεμένα
1173 1585 1481 1676 ὑπερέχει
1526 1588 1638 1655 καὶ
1682 1592 1805 1655 τοῦ
1854 1595 1990 1656 ΒΔ
1998 1594 2063 1655 Γ
2099 1586 2459 1677 τριγώνου.

420 1695 717 1768 δυνατὸν
764 1696 846 1763 δέ
886 1698 1024 1763 ἐστι
1060 1700 1294 1780 λαβεῖν
1333 1700 1583 1781 χωρίον
1622 1699 1909 1762 ἔλασσον
1946 1698 2065 1774 τᾶς
2098 1691 2460 1781 ὑπεροχᾶς,
2518 1722 2527 1724 ·

315 1820 381 1869 15
421 1801 459 1873 ὃ
519 1806 804 1872 ἐσσείται
858 1803 1060 1889 μέρος
1111 1805 1233 1869 τοῦ
1282 1807 1340 1867 Β
1353 1805 1495 1867 ΛΓ
1537 1799 1887 1886 τριγώνου.
1980 1804 2145 1867 ἔστω
2202 1791 2330 1867 οὖν
2375 1796 2459 1865 τὸ

420 1916 624 1977 ΒΓΕ
672 1914 1006 1997 τρίγωνον
1053 1912 1342 1976 ἔλασσον
1388 1910 1507 1986 τᾶς
1551 1904 1885 1996 ὑπεροχᾶς
1928 1906 2041 1974 καὶ
2085 1907 2287 1993 μέρος
2330 1908 2461 1972 τοῦ

421 2024 558 2084 ΒΔ
568 2021 633 2083 Γ
668 2013 1025 2103 τριγώνου,
1071 2013 1183 2079 καὶ
1227 2010 1310 2079 τὰ
1356 2011 1530 2080 ἄλλα
1575 2012 1656 2080 τὰ
1706 2010 1875 2081 αὐτὰ
1921 2010 2464 2080 κατεσκευάσθω.

423 2122 562 2190 ἐπεὶ
600 2113 729 2188 οὖν
767 2122 905 2188 ἐστι
941 2117 1017 2187 τὸ
1048 2125 1248 2186 ΒΓΕ
1277 2125 1613 2205 τρίγωνον
1643 2124 1929 2187 ἔλασσον
1954 2123 2073 2199 τᾶς
2100 2104 2465 2206 ὗπεροχᾶς,

423 2218 467 2315 ᾇ
513 2224 816 2314 ὑπερέχει
859 2222 938 2293 τὸ
968 2232 1023 2291 Ζ
1068 2230 1318 2313 χωρίον
1356 2228 1480 2292 τοῦ
1518 2230 1718 2291 ΒΘΓ
1743 2223 2100 2311 τμάματος,
2145 2220 2222 2289 τὸ
2260 2227 2473 2289 ΒΕΓ

315 2348 386 2398 20
422 2336 755 2420 τρίγωνον
799 2331 912 2397 καὶ
957 2328 1032 2399 τὸ
1063 2338 1123 2398 Β
1134 2336 1264 2397 ΘΓ
1300 2334 1525 2416 τμᾶμα
1562 2327 1909 2419 ἀμφότερα
1947 2326 2280 2397 ἐλάσσονά
2319 2330 2465 2395 ἐστι

422 2442 546 2506 τοῦ
594 2444 666 2505 Ζ.
759 2442 940 2504 ἔστιν
997 2436 1074 2505 δὲ
1127 2436 1239 2502 καὶ
1293 2433 1369 2503 τὸ
1419 2443 1473 2503 Ζ
1527 2441 1777 2524 χωρίον
1832 2440 2121 2504 ἔλασσον
2173 2439 2310 2503 τῶν
2355 2460 2465 2503 τε-

422 2543 856 2633 τραπλεύρων
909 2547 1047 2612 τῶν
1094 2549 1262 2628 EM,
1318 2549 1481 2628 ΦΝ,
1538 2545 1693 2628 ΨΞ,
1741 2549 1887 2612 ΠΤ
1922 2542 2035 2609 καὶ
2078 2545 2203 2609 τοῦ
2247 2547 2471 2609 ΓΠΣ

421 2649 784 2739 τριγώνου·
858 2655 1037 2717 ἔστιν
1084 2646 1214 2736 γὰρ
1260 2648 1337 2717 τὸ
1381 2654 1583 2723 ΒΔΓ
1617 2653 1742 2717 τοῦ
1787 2648 1910 2736 μὲν
1949 2655 2003 2715 Ζ
2039 2646 2463 2735 τριπλάσιον,

423 2759 560 2831 τῶν
606 2754 682 2824 δὲ
729 2755 1100 2842 εἰρημένων
1146 2760 1413 2843 χωρίων
1462 2758 1747 2823 ἔλασσον
1793 2750 1837 2841 ἦ
1881 2751 2307 2841 τριπλάσιον,
2368 2750 2465 2835 ὥς

316 2878 388 2929 25
427 2864 500 2930 ἐν
563 2866 654 2954 τῷ
720 2859 850 2948 πρὸ
918 2861 1166 2929 τούτου
1221 2864 1511 2947 ἐδείχθη.
1604 2864 1891 2929 ἔλασσον
1946 2857 2081 2948 ἄρα
2133 2859 2209 2929 τὸ
2266 2866 2471 2929 ΒΓΕ

571 3116 622 3165 9.
660 3127 726 3163 ον
760 3108 826 3175 F,
863 3106 1061 3176 uu1g0;
1103 3124 1209 3163 om.
1250 3108 1338 3163 ed.
1377 3106 1567 3176 Basil„
1608 3107 1904 3165 Toranius.
1982 3140 1993 3149 ·
2043 3113 2123 3166 10.
2162 3126 2353 3178 τμημα
2389 3106 2465 3176 Ρς

387 3187 391 3191 ’
428 3198 567 3237 corr.
609 3178 888 3235 Torellius
953 3178 1016 3231 ut
1052 3178 1148 3234 lin.
1193 3184 1276 3242 12,
1318 3183 1403 3247 19,
1442 3183 1529 3235 20.
1681 3185 1766 3234 11.
1804 3174 1943 3250 ἄρα]
1983 3177 2203 3247 addidi;
2252 3194 2363 3235 om.
2400 3178 2468 3247 F,

427 3252 618 3321 uulgo,
765 3254 848 3304 20.
893 3218 1034 3319 ἐστι]
1073 3265 1174 3319 per
1212 3266 1394 3319 comp.
1432 3250 1494 3305 F.
