2659 3967
992 186 1428 247 PRAEFATIO.
2123 182 2230 243 VII

205 338 270 402 in
316 359 395 404 eo
455 337 848 403 sententiam
901 357 1115 401 meam
1170 336 1387 401 minus
1431 340 1605 401 recte
1651 334 2003 419 intellexit,
2062 334 2233 418 quod

208 434 483 519 putauit,
530 457 635 499 me
682 434 893 499 causis
942 456 980 498 a
1025 456 1127 499 me
1176 434 1413 499 adlatis
1452 435 1896 499 demonstrare
1933 433 2235 517 uoluisse,

208 532 666 599 Archimedem
711 532 905 598 huius
953 530 1442 617 epigrammatis
1491 536 1820 597 auctorem
1857 552 2013 595 esse.
2081 552 2235 595 nam

207 632 327 697 hoc
374 631 592 695 solum
637 632 977 695 ostendere
1023 634 1291 695 conatus
1341 652 1511 714 sum,
1563 630 1730 715 nihil
1777 651 1948 713 esse,
1993 652 2106 694 cur
2151 630 2234 695 ab

210 750 283 794 eo
330 728 831 812 discederemus,
876 729 1049 812 quod
1094 728 1412 794 traditum
1451 732 1567 812 est,
1612 728 1718 793 his
1755 727 2052 792 uersibus
2089 748 2236 793 con-

210 825 411 890 tineri
454 818 796 909 problema
844 826 924 890 ab
965 825 1352 891 Archimede
1397 825 1822 911 propositum.
1888 824 1966 889 de
2011 845 2081 889 re
2129 847 2238 909 ap·

204 924 464 988 tissime
501 944 605 987 me
642 924 899 989 monuit
935 923 1007 988 L.
1037 922 1553 1008 Oppermannus,
1599 944 1677 993 eo
1714 945 1969 1008 quoque
2009 924 2237 988 confir-

208 1020 376 1085 mari
416 1020 739 1104 originem
774 1020 1203 1105 problematis
1232 1020 1750 1105 Archimedeam,
1785 1021 1959 1105 quod
1985 1022 2238 1086 numeri

207 1124 349 1185 tam
402 1119 563 1183 scite
600 1119 791 1183 electi
828 1119 977 1204 sint,
1020 1122 1096 1184 ut
1134 1119 1265 1184 cito
1304 1119 1387 1183 ad
1423 1118 1719 1204 ingentes
1756 1140 2058 1183 numeros
2094 1141 2240 1203 per-

208 1217 531 1300 ueniatur,
557 1215 627 1279 in
656 1237 785 1300 quo
811 1215 954 1301 ipso
976 1219 1205 1281 auctor
1223 1216 1649 1300 problematis
1667 1215 2082 1300 praecipuam
2101 1217 2238 1282 eius

208 1314 663 1380 difficultatem
690 1315 903 1379 inesse
921 1314 1223 1380 uoluerit.
1270 1314 1708 1379 coniecturam
1726 1336 1938 1379 meam
1957 1314 2028 1378 in
2045 1337 2103 1379 u.
2125 1314 2239 1380 24:

452 1414 716 1495 ποικίλη
766 1407 1134 1495 ἰσάριθμον
1181 1410 1446 1492 πλῆθος
1489 1404 1709 1493 ἔχουὸ
1763 1406 2003 1494 ἐφάνη,

211 1532 410 1594 quam
462 1508 1006 1595 palaeographice
1066 1507 1390 1593 explicare
1456 1528 1650 1591 posse
1703 1506 1959 1591 uideor,
2020 1512 2242 1573 tamen

211 1628 384 1671 nunc
421 1606 810 1691 improbaui,
846 1605 998 1690 quia
1034 1606 1300 1687 ποικίλη
1330 1608 1473 1669 tum
1501 1604 1578 1668 de
1608 1624 1804 1691 grege
1834 1629 2239 1674 vaccarum

211 1705 572 1790 variarum,
616 1726 748 1769 non
792 1704 871 1767 de
916 1706 1060 1768 toto
1108 1723 1304 1788 grege
1348 1701 1549 1785 vari0‚
1595 1703 2037 1787 accipiendum
2083 1710 2243 1789 erat,

212 1802 389 1887 quod
433 1802 575 1867 fieri
612 1802 721 1867 uix
756 1804 994 1886 potest.
1044 1836 1119 1845 —
1171 1798 1368 1863 etiam
1404 1798 1713 1863 iudicium
1750 1798 2042 1864 Mauritii
2079 1799 2241 1866 Can-

212 1905 323 1966 tor
358 1924 424 1965 u.
461 1900 519 1964 d.
555 1900 635 1965 de
670 1900 794 1964 hoc
830 1898 1235 1983 problemate
1266 1896 1520 1961 adferre
1544 1896 1753 1962 iuuat:
1790 1896 2244 1984 Vorlesungen

213 1998 378 2062 iiber
432 1997 490 2061 d.
546 1995 776 2061 Gesch.
832 1996 890 2062 d.
936 1995 1145 2061 Math.
1189 1993 1225 2058 I
1269 2015 1331 2077 p.
1377 1993 1536 2059 268:
1593 1991 1685 2059 Zu
1741 1995 1952 2059 einem
1998 1995 2242 2081 Ergeb-

212 2096 391 2161 nisse
435 2096 743 2161 kommen
789 2094 909 2159 wir
953 2093 1309 2178 allerdings
1357 2092 1522 2159 auch
1557 2092 1724 2157 hier:
1770 2093 1920 2157 dass
1956 2095 2237 2159 namlich
2295 2158 2300 2163 .

218 2194 326 2258 ein
364 2191 592 2259 Grund
638 2193 752 2258 das
788 2191 1327 2276 Rinderproblem
1375 2190 1600 2255 darum
1647 2190 1752 2254 fiir
1786 2193 2242 2277 untergescho-

215 2292 347 2355 ben
402 2314 481 2355 zu
527 2292 856 2375 erklaren,
912 2291 1060 2355 weil
1108 2288 1457 2355 Archimed
1504 2309 1571 2351 es
1616 2287 1801 2352 nicht
1844 2286 2012 2351 habe
2057 2289 2244 2354 loson

212 2391 496 2473 konnen,
540 2390 610 2455 in
654 2388 879 2453 keiner
924 2388 1145 2454 Weise
1189 2388 1491 2473 vorliegt.

352 2485 537 2552 Inter
571 2486 1009 2572 fragmenta
1047 2486 1548 2572 catoptricorum
1585 2484 1866 2569 recipcre
1902 2487 2243 2568 potueram

216 2584 561 2650 Michaelis
597 2583 797 2649 Pselli
842 2586 1061 2649 locum
1096 2584 1164 2649 in
1202 2583 1472 2667 synopsi
1507 2581 1888 2647 mathemat.
1924 2604 1986 2666 p.
2028 2583 2109 2646 73
2148 2583 2242 2648 ed.

215 2682 569 2767 Xylandri:
616 2677 910 2748 δυνατὸν
956 2680 1186 2767 μέντοι
1230 2679 1342 2745 καὶ
1389 2676 1606 2757 ἄλλως
1641 2675 1891 2767 ἀπορίᾳ
1927 2674 2245 2764 διόπτρας

214 2782 297 2866 τῇ
356 2776 629 2867 μεθόδῳ
684 2776 1099 2864 χρήσασθαι,
1153 2776 1333 2845 καθὰ
1393 2775 1614 2864 δήπου
1666 2776 1775 2843 καὶ
1824 2774 2244 2862 Ἀρχιμήδης·

218 2873 297 2955 ὅς
342 2876 507 2942 ποτέ
546 2900 753 2943 τινων
799 2876 1135 2964 ἐρομένων
1153 2874 1203 2964 ¹)
1248 2874 1400 2960 περὶ
1445 2878 1562 2959 τῆς
1605 2870 1721 2940 ὑπ’
1764 2871 1925 2953 ὅφιν
1962 2880 2244 2962 πυραμί-

218 2976 372 3058 δος,
429 2969 643 3059 ὁπόση
700 2969 786 3041 ἂν
841 2981 945 3059 εἴη
999 2972 1074 3041 τὸ
1123 2974 1440 3059 μέγεθος,
1493 2970 1619 3057 τὴν
1665 2968 1922 3058 ῥάβδον
1969 2971 2244 3059 ἑτοίμως

219 3067 472 3158 ὄρθιον
526 3069 694 3159 πρὸς
744 3068 868 3157 τὴν
923 3073 989 3153 ἐξ
1042 3068 1239 3158 ἡλίου
1291 3073 1411 3155 τῆς
1455 3073 1828 3157 πυραμίδος
1869 3072 2245 3157 καταπήξας

220 3168 455 3253 σκιάν,
508 3166 599 3247 ὥς
648 3167 768 3248 τὰς
821 3166 1079 3255 ἀμφοῖν
1133 3171 1250 3255 τῆς
1301 3192 1374 3233 τε
1419 3164 1682 3254 ῥάβδου
1725 3168 1836 3234 καὶ
1881 3172 1998 3254 τῆς
2042 3192 2245 3257 πυρα-

220 3268 419 3352 μίδος
462 3267 529 3345 ἐξ
574 3274 731 3333 ἴσου
776 3268 1497 3355 συναποπερατοῦσθαι
1543 3264 1750 3345 σκιάς.
1818 3264 1928 3331 καὶ
1975 3268 2101 3333 δύο
2141 3270 2242 3334 ἐν-

216 3367 467 3431 τεῦθεν
528 3360 928 3444 ἄποτελέσας
992 3362 1316 3451 ἰσογώνια
1381 3359 1676 3431 αὐτόθεν
1731 3362 2087 3449 ἐπήγαγεν·
2161 3360 2243 3433 ὃν

216 3460 431 3549 λόγον
457 3458 499 3547 ἡ
530 3464 606 3530 ἐν
635 3463 920 3555 ἐπιπέδῳ
948 3462 1215 3549 κειμένη
1246 3458 1400 3530 σκιὰ
1425 3464 1543 3548 τῆς
1569 3458 1830 3548 ῥάβδου
1841 3458 2013 3547 ’πρὸς
2031 3458 2244 3550 αὐτὴν

372 3591 423 3659 1)
461 3584 759 3660 ἐρωμένων
798 3584 1099 3659 Xylander.
