2659 3967
28 311 39 442 ὲ

27 459 40 710 2

1028 175 1500 234 FRAGMENTA.
2144 173 2274 240 467

251 325 433 410 prius
490 326 699 392 maior
750 325 797 407 f
838 347 1033 410 quam
1078 345 1137 400 e„
1217 327 1502 408 ponatur
1545 323 1766 409 itaque
1813 323 2040 390 oculus
2083 323 2153 407 d,
2213 325 2281 388 et

948 431 1030 495 ab
1078 431 1267 496 oculo
1312 453 1539 496 rursus
1583 430 1984 514 refringatur
2026 430 2096 494 in
2141 449 2280 494 rem

408 470 453 508 a
719 460 761 508 0
948 538 1160 606 uisam
1198 539 1257 603 h.
1328 538 1456 603 erit
1500 538 1704 622 igitur
1746 559 1779 603 e
1824 537 2098 623 angulus
2145 558 2278 627 ma-

271 657 327 696 n
362 479 777 886 ἤιέ
824 651 896 686 ²¹²*
946 646 1048 710 ior
1091 667 1286 729 quam
1321 646 1370 726 fi
1436 645 1618 728 atqui
1654 647 1796 710 erat.
1831 645 2062 727 minor,
2109 643 2280 728 quod

558 729 593 788 b
908 779 911 782 ⁴
947 752 1141 837 plane
1187 751 1542 817 absurdum
1587 755 1706 835 est,
1750 752 1855 816 uel
1893 749 2066 836 quod
2104 771 2280 817 cera-

420 850 479 902 d
694 845 730 904 ὖ
946 858 1156 924 toides
1212 859 1490 944 angulus
1538 859 1718 924 omni
1765 857 2004 944 angulo
2051 856 2280 940 minor,

245 960 349 1024 uel
417 961 472 1024 si
535 984 574 1025 a
635 967 866 1031 centro
921 967 1269 1049 iungamus
1324 964 1408 1030 ad
1473 967 1876 1049 contactum,
1934 967 2114 1030 totus
2168 962 2281 1047 qui

248 1072 347 1133 est
406 1069 526 1132 sub
585 1069 683 1154 kl,
749 1073 1039 1157 aequalis
1104 1073 1226 1137 erit
1287 1072 1397 1156 qui
1455 1072 1842 1138 semicirculi
1897 1071 1959 1136 ei
2012 1070 2126 1155 qui
2181 1073 2282 1134 est

250 1175 638 1241 semicirculi
692 1180 983 1263 aequalis
1032 1179 1576 1264 superimpositus
1624 1183 1692 1244 et
1739 1181 1795 1244 ei
1843 1178 2281 1244 accommoda-

244 1286 371 1347 tus,
444 1282 733 1368 reliquus
789 1287 995 1372 igitur
1039 1286 1081 1350 h
1124 1286 1251 1370 ipsi
1298 1287 1321 1350 l
1367 1286 1677 1370 aequalis.
1769 1288 2028 1370 sumpto
2074 1305 2106 1352 e
2148 1306 2280 1349 non

247 1390 526 1474 amplius
592 1395 929 1476 spectatur
992 1395 1386 1476 spectatum,
1460 1393 1630 1477 quod
1693 1392 1888 1476 plane
1951 1395 2278 1458 extrorsus

246 1499 577 1578 spectatur
614 1499 673 1564 d.
740 1479 1040 1564 censetur
1075 1520 1229 1564 uero
1266 1499 1545 1582 spectari
1573 1497 2086 1564 incoincidentia.
2133 1498 2277 1582 ipso

242 1623 275 1666 e
312 1607 571 1688 sumpto
608 1625 741 1668 non
780 1605 1064 1690 amplius
1104 1607 1439 1689 spectatur
1474 1607 1855 1687 spectatum,
1893 1604 2064 1689 quod
2093 1608 2195 1670 est
2219 1606 2279 1687 d,

246 1708 415 1793 quod
462 1714 636 1775 certe
676 1715 1007 1796 spectatam·
1042 1713 1113 1776 in
1153 1713 1299 1778 loco
1348 1732 1382 1776 e
1419 1710 1687 1796 regione
1724 1710 1941 1794 posito
1979 1709 2186 1794 ipsius
2223 1711 2276 1775 b.

142 1899 149 1906 .
245 1825 563 1900 apparens
612 1821 828 1882 autem
874 1819 945 1882 in
990 1816 1439 1883 coincidentia..

375 1921 690 2007 Apuleius
720 1925 1003 2010 Apolog.
1039 1926 1146 1990 16:
1194 1925 1327 1990 alia
1376 1928 1713 2008 praeterea
1750 1923 1888 1990 eius
1926 1923 2102 1989 modi
2137 1924 2273 2008 plu·
2299 1922 2382 1988 16

240 2029 409 2096 rima
457 2026 573 2115 (sc.
620 2032 699 2097 de
746 2029 1086 2118 speculis),
1142 2053 1307 2118 quae
1358 2034 1628 2112 tractatfl
1647 2029 1903 2115 ingenti
1945 2030 2279 2096 uolumine

242 2133 663 2200 Archimedes
694 2135 1155 2222 Syracusanus.
1200 2139 1313 2204 cfr.
1352 2137 1618 2202 Tzetzes
1648 2135 1918 2204 Chiliad.
1945 2135 2092 2222 XII,
2121 2138 2278 2204 973:

242 2238 637 2327 κατόπτρων
692 2239 810 2321 τὰς
866 2241 1127 2323 ἐξάψεις
1183 2241 1386 2329 (inter
1431 2243 1676 2327 scripta
1720 2242 2132 2311 Archimedis
2177 2267 2273 2312 re-

240 2346 493 2436 latum).

835 2544 1037 2633 Περὶ
1086 2549 1680 2632 σφαιροποιίας.

374 2667 622 2752 Carpus
671 2670 842 2754 apud
884 2670 1181 2756 Pappum
1217 2671 1410 2751 VIII,
1447 2673 1488 2737 3
1525 2695 1588 2758 p.
1629 2672 1827 2737 1026:
1875 2668 2153 2758 Κάρπος
2199 2669 2274 2740 δὲ
2299 2672 2376 2737 17

238 2771 371 2839 πού
417 2793 627 2860 φησιν
676 2771 712 2842 ὁ
747 2773 1121 2862 Ἀντιοχεὺς
1155 2774 1516 2863 Ἀρχιμήδη
1561 2775 1683 2843 τὸν
1721 2776 2154 2863 Συρακόσιον
2199 2781 2273 2846 ἓν

237 2878 451 2965 μόνον
507 2884 773 2965 βιβλίον
824 2883 1292 2968 συντεταχέναι
1342 2881 1712 2969 μηχανικὸν
1757 2879 1842 2950 τὸ
1887 2881 2079 2951 κατὰ
2126 2883 2273 2971 τὴν

238 2992 843 3075 σφαιροποιίαν,
889 2991 1027 3055 τῶν
1074 2987 1149 3056 δὲ
1194 2986 1420 3057 ἄλλων
1467 2987 1673 3057 οὐδὲν
1719 2987 2073 3076 ἠξιωκέναι
2113 3010 2271 3059 συν-

234 3092 442 3174 τάξαι.
539 3097 652 3162 cfr.
707 3097 973 3163 Proclus
1028 3098 1096 3162 in
1150 3097 1337 3164 Eucl.
1392 3121 1453 3183 p.
1501 3100 1616 3184 41,
1666 3101 1774 3165 16:
1835 3094 1876 3182 ἡ
1936 3116 2271 3184 σφαιρο-

232 3205 452 3267 ποιία
504 3197 669 3266 κατὰ
717 3207 995 3287 μίμησιν
1039 3205 1177 3269 τῶν
1224 3198 1567 3290 οὐρανίων
1613 3205 2038 3291 περιφορῶν,
2087 3207 2300 3273 οἵαν.

233 3305 361 3373 καὶ
404 3303 869 3395 Ἀρχιμήδης
914 3308 1632 3394 ἐπραγματεύσατο.
1709 3313 1835 3378 huc
1878 3313 2089 3378 refero
2129 3312 2270 3378 Ma-

231 3415 436 3480 crobii
490 3416 703 3481 locum
749 3416 816 3481 in
864 3415 1080 3506 Somn.
1129 3415 1409 3502 Scipion.
1454 3419 1546 3503 11,
1593 3419 1661 3484 3:
1721 3423 1789 3484 et
1836 3418 2262 3485 Archimedes

235 3521 493 3607 quidem
542 3522 899 3588 stadiorum
944 3545 1285 3590 numerum
1332 3523 1824 3611 deprehendisse
1861 3548 1930 3590 se
1969 3525 2262 3611 credidiss,

1829 3629 1939 3686 30*
