2659 3967
366 167 500 232 254
1176 175 1593 230 ΨΑΜΜΠῊΣ.

364 315 652 396 ἔχουσαν
697 313 849 381 ποτὶ
894 320 978 404 τᾷ
1034 313 1210 402 ὄψει,
1259 313 1477 396 οὕτως.
1520 315 1805 403 ἐλάφθη.
1900 314 2406 396 ἁποσταθέντος

365 417 471 484 ἐπὶ
518 421 640 485 τοῦ
685 425 1013 488 κανονίου
1057 425 1180 490 τοῦ
1218 425 1588 510 κυλίνδρου
1624 419 1757 489 ἀπὸ
1798 426 1919 501 τᾶς
1955 420 2151 504 ὄψιος
2186 421 2407 502 οὕτως

365 519 454 602 ὥς
499 525 872 594 ἐπισκοτεῖν
915 526 1039 596 τὸν
1083 527 1455 615 κύλινδρον
1504 526 1637 620 ὅλῳ
1684 533 1776 620 τῷ
1815 526 1983 621 ἁλίῳ
2021 530 2135 596 καὶ
2172 525 2403 617 ἄχθει-

363 633 494 697 σοῖν
555 628 836 701 εύθειᾶν
896 631 1015 717 ἀπ’
1079 632 1294 722 ἄκρου
1347 637 1471 701 τοῦ
1525 634 1846 721 κανόνος,
1903 637 1977 703 ἐν
2024 627 2080 726 ᾧ
2125 635 2307 727 τόπῳ
2354 633 2403 702 ἁ

293 757 326 806 5
366 733 520 816 ὄψις
564 739 962 826 κατεστάθη,
1011 743 1478 822 ἐπιψαύουσᾶν
1524 745 1646 809 τοῦ
1691 745 2084 830 κυλίνδρου,
2129 739 2171 808 ἁ
2218 767 2403 831 περι-

362 843 646 928 εχομένα
701 852 916 931 γωνία
973 843 1106 914 ὑπὸ
1162 852 1288 914 τᾶν
1336 845 1667 934 οἰχθεισᾶν
1714 846 1995 916 εὐθειᾶν
2043 846 2167 916 οὐκ
2214 848 2403 917 ἐλάτ-

361 973 497 1016 των
560 953 814 1034 γινέται
877 955 996 1030 τοῖς
1048 959 1327 1038 γωνίας,
1394 957 1490 1032 εἰς
1554 948 1642 1020 ἂν
1711 950 1747 1020 ὁ
1806 950 1997 1032 ἅλιος
2052 953 2402 1042 ἐναρμόζει

260 1067 340 1130 16
359 1051 484 1121 τὰν
529 1049 840 1142 κορυφὰν
875 1061 1174 1144 ἔχουσαν
1219 1058 1375 1125 ποτὶ
1420 1063 1502 1146 τᾷ
1550 1057 1721 1140 ὄψει.
1797 1072 1942 1139 ταῖς
1988 1058 2073 1146 δὴ
2121 1064 2402 1145 γωνίαις

359 1171 506 1238 ταῖς
552 1157 764 1240 οὕτως
810 1163 1212 1249 λαφθείσαις
1247 1169 1857 1253 καταμετρηθείσας
1897 1162 2113 1253 ὀρθᾶς
2146 1170 2401 1252 γωνίας

256 1289 322 1338 10
361 1266 620 1350 ἐγένετο
659 1265 701 1334 ἁ
741 1269 814 1335 ἐν
849 1273 941 1361 τῷ
981 1275 1182 1361 στίγῳ
1223 1274 1679 1359 διαιρεθείσας
1714 1275 1833 1351 τοῖς
1871 1269 2088 1359 ὀρθᾶς
2125 1276 2219 1352 είς
2247 1270 2395 1359 ρξδ’

361 1370 650 1440 ἐλάττων
696 1369 740 1460 ἢ
787 1377 862 1442 ἓν
909 1377 1108 1464 μέρος
1150 1375 1436 1463 τούτων,
1484 1373 1529 1444 ἁ
1576 1375 1651 1444 δὲ
1698 1374 1991 1444 ἐλάττων
2038 1380 2397 1465 διαιρεθεί-

360 1497 482 1558 σας
525 1483 642 1559 τᾶς
689 1479 906 1564 ὀρθᾶς
951 1487 1045 1563 είς
1091 1481 1157 1550 σ’
1205 1488 1446 1569 μείζων
1492 1478 1535 1570 ἢ
1583 1485 1657 1550 ἓν
1694 1484 1897 1572 μέρος
1928 1482 2207 1551 τούτων.
2284 1487 2397 1570 δῆ-

357 1592 482 1653 λον
529 1578 688 1673 οὖν,
745 1585 849 1656 ὅτι
893 1589 1006 1656 καὶ
1052 1587 1094 1656 ἁ
1141 1595 1390 1675 γωνία,
1452 1593 1547 1668 είς
1592 1586 1679 1656 ἂν
1728 1587 1763 1657 ὃ
1811 1587 2003 1669 ἅλιος
2050 1589 2397 1676 ἐναρμόζει

357 1690 482 1760 τάν
523 1692 837 1782 κορυφὰν
875 1700 1160 1783 ἔχουσαν
1198 1696 1351 1764 ποτὶ
1387 1700 1470 1785 τᾷ
1509 1693 1683 1781 ὄψει,
1723 1695 2013 1764 ἐλάττων
2052 1697 2175 1783 μέν
2214 1699 2394 1765 ἐστιν

253 1821 320 1868 15
357 1794 398 1885 ἢ
456 1803 912 1889 διαιρεθείσας
965 1806 1084 1881 τᾶς
1139 1801 1359 1890 ὀρθοῖς
1406 1805 1501 1881 είς
1547 1801 1694 1891 ρξδ’
1742 1801 2003 1869 τούτων
2050 1804 2125 1868 ἓν
2170 1803 2392 1889 μέρος,

356 1913 596 1992 μείζων
666 1907 741 1976 δὲ
803 1904 846 1995 ἢ
903 1912 1357 1996 διαιρεθείσας
1408 1913 1528 1988 τοῖς
1582 1905 1801 1995 ὀρθοῖς
1856 1911 1952 1996 είς
2008 1905 2075 1975 σ’
2131 1906 2393 1976 τούτων

254 2022 334 2086 17
359 2016 432 2080 ἓν
490 2015 706 2101 μέρος.
797 2017 1335 2101 πεπιστευμένων
1382 2013 1459 2082 δὲ
1503 2013 1762 2102 τούτων
1809 2014 2235 2100 δειχθησέται
2279 2015 2392 2081 καὶ

357 2117 400 2185 ἁ
459 2121 810 2208 διάμετρος
860 2123 984 2187 τοῦ
1037 2118 1235 2188 ἁλίου
1291 2127 1532 2206 μείζων
1590 2123 1797 2188 ἐοῦσα
1850 2125 1971 2200 τοῖς
2014 2124 2136 2188 τοῦ
2182 2127 2389 2208 χιλια-

353 2223 584 2311 γῶνου
637 2229 926 2313 πλευρᾶς
979 2230 1102 2294 τοῦ
1159 2230 1254 2306 εἰς
1307 2225 1428 2295 τὸν
1482 2227 1795 2313 μέγιστον
1850 2227 2102 2295 κύκλον
2159 2229 2392 2315 ἐγγρα-

249 2349 319 2399 20
357 2332 664 2417 φομένου
727 2335 861 2398 τῶν
921 2334 994 2399 ἐν
1049 2337 1141 2424 τῷ
1199 2332 1447 2425 κόσμῳ.
1536 2323 1832 2401 νοείσθω
1888 2331 2017 2421 γὰρ
2076 2335 2391 2402 ἐπίπεδον

357 2438 841 2524 ἐκβεβλημένον
898 2436 1013 2505 διά
1069 2465 1139 2506 τε
1193 2443 1314 2506 τοῦ
1369 2441 1653 2527 κέντρου
1698 2445 1821 2508 τοῦ
1867 2437 2067 2507 ἁλίου
2110 2439 2223 2505 καὶ
2266 2442 2391 2506 τοῦ

353 2544 635 2631 κέντρου
679 2547 796 2623 τᾶς
838 2548 962 2629 γᾶς
1006 2545 1118 2611 καὶ
1166 2543 1280 2612 διὰ
1327 2548 1447 2624 τᾶς
1494 2543 1719 2631 ὄψιος,
1767 2540 2009 2632 μικρὸν
2055 2541 2223 2631 ὑπὲρ
2268 2541 2391 2611 τὸν

355 2648 662 2740 ὁρίζοντα
720 2649 948 2731 ἐόντος
1002 2655 1122 2718 τοῦ
1172 2648 1387 2719 ἁλίου.
1478 2652 1763 2738 τεμνέτω
1814 2649 1889 2718 δὲ
1931 2648 2007 2719 τὸ
2059 2649 2391 2736 ἐκβληθὲν

355 2758 668 2854 ἐπίπεδον
712 2755 834 2825 τὸν
880 2756 1002 2844 μὲν
1047 2756 1305 2844 κόσμον
1350 2755 1517 2825 κατὰ
1551 2755 1675 2824 τὸν
1713 2763 1918 2823 ΑΒΓ
1944 2755 2217 2841 κύκλον,
2261 2753 2390 2824 τὰν

245 2879 312 2930 25
354 2862 429 2930 δὲ
481 2865 614 2949 γᾶν
659 2862 825 2932 κατὰ
871 2863 992 2933 τὸν
1043 2871 1274 2949 ΔΕΖ,
1330 2861 1453 2931 τὸν
1501 2862 1577 2931 δὲ
1622 2860 1819 2930 ἅλιον
1864 2860 2030 2930 κατὰ
2077 2861 2198 2930 τὸν
2244 2867 2403 2928 ΣΗ

496 3029 546 3077 2.
587 3019 716 3093 ἐπί]
756 3042 870 3077 απο
904 3021 973 3090 Ἐς
1013 3040 1148 3077 corr.
1188 3022 1254 3076 D.
1402 3029 1452 3077 3.
1492 3017 1593 3093 ὥς]
1645 3017 1779 3077 ὥστ’
1819 3021 2049 3088 wallis,
2089 3020 2385 3077 TorelliuS.

352 3113 684 3162 επικρωτειν
719 3093 790 3161 Ἐς
838 3110 978 3148 corr.
1028 3094 1112 3149 ed.
1150 3093 1319 3148 Basil.
1470 3098 1517 3148 5.
1560 3105 1887 3158 επιψαυουσ
1926 3109 2052 3147 oum
2089 3107 2267 3160 comp.
2308 3110 2390 3145 ων

349 3165 422 3234 Ἐς
463 3181 599 3220 corr.
641 3163 860 3220 Wallis.
1007 3171 1055 3218 7.
1096 3163 1200 3236 εἰς]
1241 3183 1331 3226 αις
1366 3165 1439 3231 Ἐς
1477 3181 1615 3219 corr.
1655 3163 1701 3217 B
1740 3160 1858 3234 (ἐς).
1996 3165 2277 3232 εναρμοζη
2312 3161 2387 3229 Ἐς

354 3255 492 3292 corr.
531 3237 594 3290 Β.
704 3243 787 3292 10.
825 3235 928 3308 τῷ]
967 3235 1185 3302 addidi;
1223 3251 1330 3290 om.
1368 3236 1431 3304 F,
1468 3235 1671 3304 uulgo;
1710 3230 1747 3288 ἁ
1788 3233 1894 3304 μὲν
1930 3235 2135 3304 μείζων
2162 3231 2387 3299 wallia,

351 3307 592 3362 Nimius,
768 3312 850 3360 11.
889 3309 1250 3372 διαιρεθεισα
1287 3326 1401 3360 των
1439 3310 1630 3374 ορθων
1669 3307 1770 3375 (ων
1807 3323 1909 3376 per
1946 3321 2126 3374 comp.
2164 3304 2273 3372 bis)
2312 3302 2386 3369 Ἐς

353 3395 490 3434 corr.
540 3377 626 3434 ed.
664 3377 834 3432 Basil.
1016 3383 1102 3431 13.
1143 3375 1248 3448 εἰς]
1296 3396 1366 3439 ας
1408 3377 1480 3444 Ἐς
1528 3393 1667 3431 corr.
1717 3375 1763 3428 B
1812 3372 1934 3444 (ἐς).
2114 3378 2267 3442 ηλιος
2312 3373 2385 3442 Ἐς

353 3465 491 3504 corr.
533 3447 590 3500 C.
755 3451 1032 3518 εναρμοζη
1068 3446 1141 3516 Ἐς
1183 3464 1322 3504 corr.
1360 3446 1481 3502 AB.
1657 3453 1741 3502 15.
1780 3449 1881 3510 τᾶς
1917 3442 2125 3517 ὀρθᾶς]
2166 3460 2275 3499 om.
2314 3445 2385 3512 Ἐς

356 3535 493 3574 corr.
532 3519 656 3574 AB.
803 3517 910 3590 εἰς]
950 3538 1009 3582 ες
1045 3519 1118 3586 Ἐς
1158 3535 1296 3574 corr.
1335 3517 1510 3573 ABG.
1651 3515 1719 3572 ’ἐν
1758 3517 1947 3589 μέρος]
1986 3533 2097 3572 om.
2132 3515 2205 3584 Ἐς
2243 3531 2383 3570 corr.
