2659 3967
403 152 479 209 VI
1202 154 1634 214 PRAEFATIO.

404 299 680 384 epistola
727 301 861 369 sive
907 304 1244 389 problema.
1280 303 1738 369 Alexandrinis
1785 303 2076 370 versibus
2113 303 2427 387 scriptum

404 399 481 463 de
527 400 737 466 bobus
786 401 941 466 solis
988 406 1188 467 sacris
1240 438 1344 467 —-.

537 496 752 563 Codex
798 498 1250 583 bombycinu8‚
1294 498 1454 564 olim
1502 497 1932 565 ColberssinuS.

535 593 601 659 Is
648 596 845 661 codex
894 595 1149 661 saeculo
1196 596 1444 661 decimo
1491 601 1724 681 quarto
1773 600 2076 662 exaratus
2119 594 2428 660 videtur“.

402 696 784 778 conspectus
831 694 1187 778 scripturae
1234 694 1722 780 discrepantiae,
1767 696 1838 760 in
1875 716 2001 780 quo
2039 693 2118 759 de
2154 691 2428 759 accenti-

402 792 523 856 bus
561 794 628 855 et
658 816 682 855 ι
712 792 1080 875 subscripizo
1110 789 1311 878 (quod
1343 814 1533 877 saepe
1563 790 1916 878 omitbitur)
1945 791 2139 875 tacui,
2167 791 2272 856 hic
2300 794 2426 855 esi:

491 911 551 952 ιι.
641 890 711 953 4:
759 887 1171 974 δασσαμένη]
1220 889 1560 975 δασαμένη
1609 891 1746 957 cod.
1793 890 1998 955 Paris·
2042 890 2236 954 2448.

488 1008 549 1053 ιι.
642 985 711 1051 5:
758 980 1164 1069 ἄλάσσοντα]
1216 986 1495 1052 alterum
1542 1004 1584 1054 σ.
1629 1009 1824 1072 supra
1868 987 2073 1052 Paris,
2119 988 2312 1053 2448.

490 1106 551 1148 u.
602 1084 710 1148 12:
754 1080 1042 1174 τετράτῳ
1090 1087 1186 1167 τε]
1236 1084 1329 1151 sic
1376 1085 1512 1150 cod.
1559 1085 1760 1150 Paris,
1810 1085 2003 1150 2448.

491 1204 551 1245 ιι.
603 1183 713 1247 133
761 1183 996 1265 πᾶσιν]
1048 1182 1157 1249 sic.
1204 1182 1342 1247 cod.
1388 1182 1593 1249 Paris,
1641 1183 1832 1249 2448.

490 1302 551 1343 ιι.
601 1280 711 1343 163
759 1268 974 1363 αὖτις]
1024 1275 1288 1359 αὐτούς.

488 1401 549 1443 ιι.
598 1379 708 1443 163
756 1376 1214 1463 ἰσαζομένους]
1265 1374 1708 1461 ἰδαιομένους.

490 1498 552 1540 ιι.
602 1476 715 1541 193
759 1472 1076 1565 τετρᾶτῳ]
1126 1476 1236 1543 sic.

490 1595 549 1639 ιι.
596 1574 711 1640 203
755 1570 1071 1663 τετρᾶτῳ]
1121 1573 1233 1637 sic.

488 1694 550 1737 u.
598 1673 713 1737 22:
757 1668 1002 1756 πάσης]
1050 1665 1308 1747 πάσαις.

488 1793 549 1834 u.
595 1772 709 1836 22:
766 1768 1149 1856 ἐρχομένης]
1199 1764 1603 1853 ἐρχομέναις.

490 1889 549 1932 ιι.
596 1869 709 1933 233
755 1862 1022 1951 ἀγέλης]
1073 1858 1135 1930 δ’
1188 1858 1431 1948 ἀγέλης
1477 1863 1574 1949 (et
1618 1864 1712 1930 sic
1759 1859 2107 1949 Struuius).

490 1986 549 2028 ιι.
565 1964 709 2028 *243
754 1964 1059 2051 τετραχῇ]
1108 1971 1423 2047 τετραχεῖ.

489 2084 550 2127 ιι.
596 2062 708 2127 273
755 2064 967 2146 βοῶν]
1014 2056 1187 2146 βόες.

490 2182 551 2223 ιι.
597 2160 710 2224 293
756 2161 1016 2245 χρῶμα]
1064 2153 1321 2245 χροιάν.

492 2278 552 2321 ιι.
599 2255 714 2321 30:
760 2252 999 2341 λέγοιἼ
1048 2257 1288 2340 λέγοιο.

490 2376 550 2447 ιι.
600 2355 713 2419 313
760 2354 1180 2441 ἐναρίθμιος]
1230 2355 1343 2420 sic.

490 2472 551 2515 ιι.
596 2452 709 2517 383
755 2446 1181 2536 ἀμβολάδην]
1229 2447 1684 2536 ἄμβολάνδην.

493 2570 549 2614 ιι.
598 2551 710 2615 40:
759 2544 902 2616 οὔτ’
956 2549 1504 2633 ἐπιλειπομένων]
1553 2543 1696 2613 οὔτ’
1748 2546 2250 2631 πιλειπομένων.

493 2669 555 2710 ιι.
600 2648 715 2712 41:
760 2647 1230 2733 πραπίδεσσιν]
1278 2648 1699 2730 πραπίδεσιν.

492 2766 553 2809 ιι.
600 2746 716 2811 413
762 2738 1119 2827 ἀθροίσας]
1168 2738 1496 2828 ἀθρήσας.

494 2865 555 2907 ιι.
582 2842 715 2905 .423
763 2830 816 2905 ὦ
866 2838 1036 2922 ξένε]
1086 2839 1257 2919 ξεῖνε
1301 2834 1404 2904 τά.

492 2962 554 3002 ιι.
598 2938 713 3003 443
758 2934 995 3023 ταύτῃ]
1042 2934 1302 3021 ταύτης.

404 3036 530 3100 hoc
601 3032 940 3118 problema
1003 3031 1378 3101 Archimedi
1439 3056 1508 3098 re
1572 3055 1728 3100 uera.
1789 3035 2205 3100 tribuendum
2271 3053 2429 3117 esse,

404 3152 797 3218 quamquam
834 3129 1121 3195 dubitari
1156 3131 1387 3215 possit,
1424 3154 1506 3197 an
1541 3130 1670 3215 ipsi
1705 3130 2014 3196 uersiculi
2051 3129 2136 3195 ab
2172 3151 2250 3194 eo
2280 3151 2427 3195 con·

407 3227 635 3313 scripti
670 3248 804 3293 non
842 3227 975 3291 sint
1014 3225 1216 3313 (quod
1253 3228 1393 3314 ipse
1433 3228 1822 3295 admiseram
1853 3227 2114 3305 Quaesf..
2143 3226 2428 3293 Archim.

404 3350 468 3413 p.
513 3328 599 3393 26
645 3329 781 3391 not.
831 3322 927 3410 1),
984 3324 1183 3391 etiam
1228 3324 1758 3411 Krumbiegelius
1813 3326 2058 3407 censet3
2113 3345 2302 3409 quem
2350 3323 2429 3389 de

406 3423 786 3509 explicando
858 3424 1059 3490 uerbo
1123 3426 1420 3491 πλίνθου
1473 3448 1534 3490 ιι.
1590 3423 1677 3490 36
1733 3420 1817 3507 (si
1873 3422 2064 3487 modo
2123 3420 2430 3505 explicari

407 3518 655 3611 potest)
714 3542 967 3589 mecum
1023 3522 1386 3589 consentire
1439 3522 1510 3604 (l.
1555 3522 1598 3585 1.
1641 3543 1702 3604 p.
1752 3516 1910 3607 134)
1955 3516 2227 3604 gaudeo,
2317 3518 2429 3583 sed
