2659 3967
404 170 537 233 234
918 169 1306 222 ΕΠΠῙΕΔῼΝ
1341 168 1795 221 ΙΣοΡΡοΠΙῼΝ
1831 164 1919 223 B'.

404 309 526 379 τὰν
574 312 1013 398 συγκειμέναν
1060 315 1132 378 ἔκ
1177 336 1248 377 τε
1293 314 1410 390 τᾶς
1447 315 1800 388 διπλασίας
1835 315 1952 390 τᾶς
1994 317 2137 377 ΟΝ
2164 309 2277 377 καὶ
2315 314 2437 390 τοῖς

411 425 563 504 ΤΝ,
608 420 886 505 γέγονεν
935 410 1062 486 οὖν
1098 419 1388 504 τέσσαρα
1425 418 1732 504 μεγέθεα,
1780 416 1854 484 τὸ
1895 415 2166 505 στερεὸν
2202 415 2277 484 τὸ
2316 416 2440 501 βάα

406 545 516 593 σιν
571 525 695 612 μὲν
752 531 905 613 ἔχον
960 524 1035 593 τὸ
1094 523 1225 593 άπὸ
1277 533 1407 592 ΑΖ
1461 524 1914 613 τετράγωνον,
1969 521 2143 605 ὕψος
2189 523 2266 591 δὲ
2309 521 2438 592 τὰν

408 633 849 719 συγκειμέναν
896 637 968 700 ἔκ
1013 659 1082 701 τε
1118 635 1235 713 τᾶς
1274 637 1626 710 διπλασίας
1661 635 1780 710 τᾶς
1807 640 1874 698 A
1885 639 1962 698 H
1990 631 2102 698 καὶ
2137 635 2253 711 τᾶς
2283 638 2436 716 ΑΖ,

337 760 369 809 5
405 740 515 807 καὶ
564 737 599 808 ὁ
650 737 780 806 άπὸ
831 746 959 805 ΑΖ
1004 739 1241 824 κύβος,
1287 738 1401 805 καὶ
1449 735 1484 805 ὁ
1535 735 1666 805 άπὸ
1716 744 1871 805 ΛΗ
1909 736 2144 824 κύβος,
2199 737 2310 804 καὶ
2358 735 2434 802 τὸ

404 845 675 934 στερεὸν
730 843 807 914 τὸ
863 845 1065 932 βάσιν
1121 845 1243 931 μὲν
1296 849 1450 932 ἔχον
1497 843 1570 912 τὸ
1620 843 1751 913 άπὸ
1800 852 1955 912 ΛΗ
1990 843 2438 933 τετράγωνον,

403 951 577 1034 ὕψος
624 952 698 1021 δὲ
744 951 868 1019 ταν
915 952 1357 1038 συγκειμέναν
1406 957 1478 1018 ἔκ
1514 977 1584 1019 τε
1620 956 1737 1032 τᾶς
1775 956 2126 1030 διπλασίας
2160 955 2278 1030 τᾶς
2305 960 2372 1018 A
2383 958 2438 1018 Z

403 1059 512 1125 καὶ
567 1061 684 1139 τᾶς
736 1067 906 1144 ΔΗ,
960 1060 1262 1147 τέτταρσι
1317 1059 1674 1145 μεγέθεσιν
1729 1055 2071 1144 ἀνάλογον
2127 1056 2258 1125 σὺν
2305 1058 2434 1125 δύο

404 1167 937 1251 λαμβανομένοις
988 1170 1070 1254 τᾷ
1126 1191 1193 1232 τε
1242 1165 1643 1254 συγκειμένᾳ
1689 1169 1760 1232 ἔκ
1804 1190 1874 1231 τε
1919 1168 2037 1243 τοῖς
2083 1168 2440 1244 διπλασίας

304 1292 367 1340 10
404 1274 523 1350 τᾶς
585 1274 724 1349 ΝΞ
781 1272 889 1340 καὶ
955 1277 1073 1352 τᾶς
1136 1279 1306 1340 ΝΜ
1357 1271 1467 1338 καὶ
1534 1271 1733 1362 ἑτέρῳ
1801 1272 2070 1357 μεγέθει
2133 1276 2215 1360 τᾷ
2278 1278 2448 1338 ΜΝ

404 1377 516 1443 καὶ
571 1375 750 1468 ἄλλῳ
808 1379 959 1464 ἑξῆς
1011 1382 1093 1467 τᾷ
1140 1383 1286 1445 ΝΤ
1322 1377 1434 1444 καὶ
1480 1385 1862 1445 τελευταῖον
1907 1382 1989 1465 τᾷ
2037 1378 2439 1466 συγκειμένᾳ

406 1487 477 1549 ἔκ
532 1508 601 1550 τε
655 1487 773 1564 τᾶς
827 1488 1177 1564 διπλασίας
1221 1488 1341 1563 τᾶς
1385 1491 1464 1552 Ν
1470 1491 1527 1551 Ο
1570 1484 1682 1551 καὶ
1728 1488 1846 1564 τοῖς
1891 1490 2045 1550 ΝΤ.
2139 1480 2226 1549 δι’
2283 1491 2439 1551 ἴσου

405 1587 537 1679 ἄρα
590 1592 968 1677 γενησέται,
1025 1587 1115 1670 ὥς
1169 1589 1243 1658 τὸ
1294 1589 1568 1679 στερεὸν
1614 1591 1690 1658 τὸ
1738 1590 1943 1677 βάσιν
1989 1589 2111 1676 μὲν
2159 1594 2315 1676 ἔχον
2361 1588 2440 1658 τὸ

408 1693 536 1764 ἀπὸ
584 1707 650 1765 A
661 1705 716 1764 Z
760 1697 1204 1786 τετράγωνον,
1250 1695 1428 1777 ὕψος
1473 1697 1548 1765 δὲ
1592 1696 1719 1764 τάν
1764 1697 2205 1790 συγκειμέναν
2251 1700 2324 1762 ἔκ
2370 1722 2442 1763 τε

304 1824 367 1872 15
404 1807 521 1882 τᾶς
577 1807 928 1884 διπλασίας
981 1807 1099 1884 τᾶς
1147 1811 1301 1871 ΔΗ
1347 1804 1459 1870 καὶ
1504 1809 1621 1883 τᾶς
1667 1812 1797 1871 ΛΖ
1843 1805 1992 1871 ποτὶ
2039 1802 2116 1871 τὸ
2167 1800 2439 1897 στερεὸν

404 1907 479 1977 τὸ
526 1909 731 1995 βάσιν
777 1909 900 1996 μὲν
948 1914 1103 1996 ἔχον
1149 1907 1223 1976 τὸ
1272 1907 1404 1977 άπὸ
1453 1917 1607 1977 ΔΗ
1643 1909 2095 1998 τετράγωνον,
2141 1907 2316 1989 ὕψος
2363 1908 2441 1976 δὲ

404 2015 529 2082 τὰν
576 2017 1018 2101 συγκειμέναν
1066 2020 1137 2082 ἔκ
1182 2041 1252 2082 τε
1298 2019 1415 2094 τᾶς
1463 2019 1816 2094 διπλασίας
1848 2019 1966 2094 τᾶς
2003 2023 2136 2082 ΑΖ
2173 2015 2283 2082 καὶ
2321 2018 2439 2094 τᾶς

408 2128 573 2205 ΔΗ,
623 2119 835 2201 οὕτως
871 2118 915 2188 ά
954 2122 1352 2208 συγκειμένα
1391 2126 1462 2188 ἔκ
1498 2148 1566 2188 τε
1603 2126 1722 2202 τᾶς
1760 2127 2110 2201 διπλασίας
2145 2125 2262 2199 τᾶς
2300 2124 2445 2196 ΝΞ

405 2227 517 2293 καὶ
571 2231 690 2307 τοῖς
737 2234 904 2296 ΜΝ
950 2227 1101 2294 ποτὶ
1152 2225 1276 2294 τὰν
1325 2229 1766 2314 συγκειμέναν
1814 2234 1885 2295 ἔκ
1929 2255 1998 2296 τε
2043 2231 2160 2307 τᾶς
2206 2231 2440 2295 διπλα-

303 2354 369 2402 20
410 2339 557 2412 σίας
620 2337 739 2412 τᾶς
790 2340 869 2400 N
874 2340 930 2399 Ο
993 2333 1105 2400 καὶ
1169 2339 1286 2414 τᾶς
1341 2341 1496 2401 ΝΤ.
1589 2332 1736 2402 ἀλλ’
1805 2333 1894 2415 ὡς
1947 2332 2023 2402 τὸ
2081 2335 2438 2423 εἰρημένον

408 2438 680 2527 στερεὸν
726 2440 877 2507 ποτὶ
922 2438 997 2507 τὸ
1050 2441 1405 2528 εἰρημένον
1452 2441 1745 2529 στερεόν,
1795 2439 2008 2520 οὕτως
2053 2438 2095 2507 ἁ
2135 2447 2246 2507 ΘΙ
2285 2440 2441 2508 ποτὶ

404 2554 451 2613 Ι
457 2552 537 2613 Κ.
602 2546 713 2613 καὶ
761 2543 853 2626 ὥς
896 2544 1029 2635 ἄρα
1075 2543 1118 2614 ά
1157 2554 1268 2614 ΘΙ
1307 2548 1460 2615 ποτὶ
1498 2555 1545 2614 Ι
1550 2554 1636 2634 Κ,
1687 2545 1899 2627 οὕτως
1945 2545 1987 2615 o‘c
2037 2549 2439 2633 συγκειμένα

406 2651 557 2719 ποτὶ
615 2650 743 2718 τάν
804 2655 1259 2740 συγκειμέναν.
1354 2653 1522 2722 ὥστε
1579 2655 1692 2721 καὶ
1753 2655 2075 2722 συνθέντι
2129 2653 2240 2720 καὶ
2297 2656 2438 2720 τῶν

408 2756 803 2845 ἅγουμένων
848 2755 929 2825 τὰ
976 2757 1456 2827 πενταπλάσια·
1523 2763 1704 2828 ἔστιν
1741 2759 1874 2849 ἄρα
1915 2757 2004 2840 ὡς
2041 2757 2083 2828 ά
2116 2767 2259 2827 ΖΗ
2285 2759 2441 2826 ποτὶ

301 2885 368 2934 25
409 2872 454 2932 Ι
459 2872 544 2950 Κ,
585 2863 799 2946 οὕτως
835 2863 876 2932 ἆ
915 2870 1370 2934 πενταπλασία
1400 2867 1914 2955 συναμφοτέρου
1941 2869 2058 2946 τᾶς
2085 2873 2265 2952 ΜΝ,
2295 2872 2372 2932 Ν
2385 2873 2448 2932 Τ

406 2971 518 3038 καὶ
565 2976 974 3040 δεκαπλασία
1021 2973 1537 3061 συναμφοτέρου
1581 2977 1700 3053 τοῖς
1737 2977 1892 3060 ΝΞ,
1939 2981 2018 3042 Ν
2025 2980 2081 3039 Ο
2125 2971 2278 3040 ποτὶ
2314 2969 2440 3039 τάν

409 3081 766 3145 διπλασίαν
811 3082 931 3156 τᾶς
980 3084 1124 3144 ΟΝ
1158 3078 1271 3144 καὶ
1316 3077 1444 3147 τάν
1489 3085 1646 3146 ΝΤ.
1729 3079 1840 3146 καὶ
1889 3076 1980 3158 ὥς
2025 3076 2066 3145 o‘c
2105 3084 2251 3145 ZH
2285 3078 2441 3145 ποτὶ

410 3189 544 3250 ΖΚ
588 3185 835 3250 ἐοῦσαν
883 3180 1091 3262 αὐτᾶς
1137 3183 1263 3252 δύο
1310 3187 1590 3271 πέμπτα,
1639 3184 1851 3265 οὕτως
1898 3183 1940 3252 ἆ
1987 3189 2442 3255 πενταπλασία

555 3387 601 3436 1.
640 3398 743 3447 την
780 3397 1155 3450 συγκειμενην
1201 3381 1294 3449 (ην
1341 3397 1443 3450 por
1480 3383 1682 3450 comp.)
1717 3381 1789 3448 F;
1838 3397 1972 3436 corr.
2023 3379 2328 3448 Torellius‚
2376 3383 2445 3435 ut

408 3451 505 3506 lin.
547 3458 597 3518 7,
640 3457 722 3517 14,
765 3456 846 3507 17.
1020 3456 1069 3506 2.
1111 3455 1329 3520 μεγεθη
1369 3451 1432 3518 F,
1468 3453 1657 3521 uulgO.
1822 3459 1870 3507 4.
1911 3453 2117 3506 ὃιπλασ
2152 3450 2197 3503 F
2231 3451 2291 3504 in
2327 3451 2443 3505 fine

408 3521 608 3590 lineae,
645 3521 834 3590 uulgo.
983 3527 1031 3578 5.
1070 3521 1165 3575 καὶ
1206 3519 1236 3576 ὸ
1275 3518 1390 3578 ἀπὸ
1431 3525 1547 3592 ΑΖ]
1589 3540 1698 3578 om.
1737 3523 1808 3590 1³¹3
1847 3539 1985 3577 corr.
2023 3523 2110 3577 ed.
2148 3522 2319 3577 Basil.
2358 3564 2365 3570 .
2421 3543 2426 3548 ·
