2659 3967
461 163 602 229 382-
639 236 646 241 ἢ
711 118 722 127 ’
775 161 874 215 DE
911 162 1022 233 IIS,
1059 161 1259 227 QUAE
1295 163 1379 217 IN
1413 161 1707 219 nummo
1744 162 2170 221 UEHUNTUR.

458 308 660 374 habet
714 312 1138 394 tetragonum
1194 307 1369 393 quod
1424 308 1507 374 ab
1552 306 1693 375 PF
1730 308 1811 375 ad
1855 313 2278 395 tetragonum
2324 308 2506 393 quod

459 416 543 481 ab
591 414 670 480 N
683 414 754 480 O.
846 415 1361 482 demonstratum
1408 417 1508 479 est
1553 415 1727 480 enim
1772 415 1841 481 in
1884 416 1996 499 iis,
2044 438 2208 500 quae
2256 416 2337 481 de
2390 438 2503 483 co-

454 521 854 604 noidalibus‚
902 521 1099 605 quod,
1147 521 1202 585 si
1249 544 1288 585 a
1332 522 1715 607 reetangulo
1763 521 2088 591 conoidali
2133 521 2301 587 duae
2348 546 2503 607 por-

455 629 672 693 tiones
746 629 1282 713 qualiterounque
1346 627 1680 711 productis
1746 628 1964 714 planis
2030 628 2505 695 abscindantur

383 752 418 802 5
454 734 791 819 portiones
799 786 818 820 ‚
867 733 1230 800 adinuioem
1275 734 1551 799 eandem
1597 734 1934 801 habebunt
1979 736 2505 822 proportionem,

455 863 653 927 quam
687 844 1037 927 tetragona
1073 863 1238 927 quae
1268 840 1352 905 ab
1382 840 1611 906 axibus
1640 841 1933 924 ipsorum
1964 838 2141 928 [περὶ
2168 865 2326 907 κων.
2356 844 2501 925 24].

454 967 589 1012 11011
615 947 932 1012 minorem
956 967 1112 1031 ergo
1140 947 1632 1031 proportionem
1658 947 1859 1013 habet
1880 952 2299 1035 tetragonum
2318 950 2501 1035 quod

455 1076 496 1117 a
531 1052 671 1118 PF
709 1053 788 1117 ad
836 1055 1253 1139 tetragonum
1298 1053 1472 1139 quod
1518 1054 1601 1119 ab
1631 1054 1709 1119 N
1713 1053 1784 1139 O,
1831 1076 2027 1140 quam
2072 1059 2503 1141 tetragonum

457 1158 629 1242 quod
659 1160 748 1223 ab
775 1158 924 1225 Mo
959 1161 1040 1225 ad
1077 1163 1499 1246 tetragonum
1538 1160 1708 1245 quod
1747 1161 1829 1226 ab
1859 1160 1938 1226 Ν
1941 1160 2011 1226 Ο.
2074 1184 2277 1247 quare
2324 1184 2499 1247 quae

353 1284 421 1333 10
456 1264 597 1331 PF
613 1287 748 1331 non
770 1269 870 1330 est
891 1266 1102 1334 minor
1121 1288 1318 1352 quam
1336 1266 1492 1348 ΜΟ,
1509 1289 1723 1352 neque
1738 1289 1902 1352 quae
1920 1267 2056 1334 BP
2076 1289 2273 1354 quam
2288 1265 2499 1354 H0.¹)

459 1372 517 1437 si
543 1372 744 1458 igitur
774 1373 857 1438 ab
886 1372 970 1437 H
986 1373 1112 1457 ipsi
1141 1372 1277 1439 No
1303 1378 1484 1440 reeta
1510 1375 1800 1460 dueatur,
1828 1375 2015 1440 cadet
2040 1376 2215 1439 intra
2232 1373 2301 1438 B
2328 1379 2399 1440 et
2418 1374 2498 1440 Ρ.

457 1481 766 1566 quoniam
803 1480 1003 1565 igitur
1034 1503 1200 1566 quae
1230 1481 1491 1566 quidem
1517 1479 1655 1546 PF
1684 1484 1787 1545 est
1814 1481 2328 1565 aequidistanter
2356 1481 2497 1547 dia·

455 1590 692 1671 metro,
748 1608 914 1671 quae
970 1591 1188 1653 autem
1243 1588 1403 1653 ΜΤ
1449 1592 1549 1653 est·
1604 1586 2156 1672 perpendicularis
2216 1587 2297 1653 ad
2352 1587 2495 1653 dia-

455 1695 758 1777 metrum,
807 1696 874 1757 et
911 1715 1075 1778 quae
1102 1694 1260 1759 RH
1287 1693 1574 1779 aequalis
1612 1694 1689 1778 ei,
1727 1715 1891 1777 quae
1931 1716 2133 1778 usque
2174 1693 2254 1758 ad
2284 1715 2495 1778 axem,
2623 1678 2624 1685 ἵ

351 1816 416 1867 15
457 1799 540 1864 ab
587 1798 652 1863 R
706 1800 790 1865 ad
839 1801 904 1866 T
949 1801 1256 1885 copulata
1310 1805 1379 1866 et
1433 1799 1667 1865 educta.
1719 1800 1878 1865 facit
1941 1801 2219 1886 angulos
2272 1804 2491 1866 rectos

455 1905 536 1971 ad
593 1907 1079 1992 contingentem
1135 1907 1485 1973 seeundum
1533 1905 1669 1991 P.²)
1760 1928 1959 1992 quare
2021 1910 2087 1971 et
2146 1904 2231 1971 ad
2276 1906 2329 1971 I
2326 1905 2383 1973 S
2424 1911 2492 1972 et

456 2012 539 2077 ad
579 2035 742 2099 eam,
792 2037 956 2100 quae
994 2036 1110 2099 per
1135 2013 1186 2078 I
1186 2011 1252 2099 S,
1290 2013 1700 2098 superficiem
1736 2011 1987 2077 humidi
2024 2011 2221 2077 faciet
2256 2034 2491 2097 aequa-

450 2121 549 2186 les
611 2118 962 2208 angulos.⁸)
1056 2122 1113 2187 si
1175 2123 1391 2185 autem
1447 2141 1565 2205 per
1618 2119 1713 2203 B,
1769 2118 1831 2186 G
1883 2119 2015 2206 ipsi
2068 2118 2133 2185 R
2146 2119 2211 2184 T
2254 2141 2492 2203 aeque-

453 2226 772 2293 distantes
821 2227 1166 2313 ducantur,
1223 2226 1448 2313 anguli
1492 2226 1655 2292 recti
1702 2229 1891 2291 erunt
1934 2226 2094 2291 faeti
2139 2225 2223 2291 ad
2270 2248 2490 2309 super-

347 2348 417 2398 20
452 2332 665 2397 ficiem
717 2332 997 2419 humidi,
1053 2339 1120 2399 et
1174 2333 1349 2419 quod
1396 2332 1657 2418 quidem
1703 2333 1773 2397 in
1817 2331 2085 2398 humido
2134 2332 2490 2398 assumitur

599 2528 650 2595 1)
688 2527 835 2582 Nam
871 2526 997 2580 BP
1022 2552 1090 2571 =
1118 2525 1299 2598 {PF
1332 2528 1407 2595 (p.
1448 2531 1555 2581 380
1593 2528 1708 2580 not.
1751 2527 1801 2594 1)
1840 2526 1897 2580 et

1012 2614 1439 2686 H0==3M0
1466 2630 1517 2670 2:
1548 2614 1755 2677 BP?
1785 2615 1924 2669 ΗΟ.

595 2707 649 2774 2)
687 2704 950 2761 Zeitsehr.
990 2704 1028 2759 f.
1066 2705 1260 2773 Math„
1299 2704 1431 2758 hist.
1470 2703 1640 2759 Abth.
1678 2702 1834 2759 XXV
1872 2722 1925 2773 p.
1968 2710 2036 2758 54
2073 2722 2158 2761 m·-
2194 2707 2279 2761 21.

597 2798 650 2863 3)
687 2795 836 2850 Nam
876 2794 1042 2864 18ss
1075 2795 1222 2861 KQ
1259 2795 1383 2849 tum
1419 2811 1472 2850 11.
1511 2792 1667 2847 Euel.
1706 2794 1870 2859 1‚29.

599 2961 645 3009 1.
683 2955 755 3009 ab
795 2952 916 3007 PF
956 2954 1029 3007 ad
1072 2955 1434 3023 tetragonum
1470 2952 1621 3033 qnod
1656 2953 1730 3006 ab
1767 2951 1837 3007 N
1841 2951 1911 3022 Ο]
1950 2968 2059 3007 0111.
2099 2952 2362 3007 Tartalea
2397 2953 2481 3008 la-

445 3040 599 3079 cuna
632 3024 856 3091 relicta3
896 3042 1033 3080 corr.
1074 3024 1287 3081 Comm.
1429 3031 1478 3080 6.
1517 3022 1791 3095 ipsorum]
1828 3025 1957 3092 post
1992 3024 2103 3077 hoe
2140 3023 2481 3078 uocabulum

449 3096 712 3150 lacunam
757 3095 933 3150 habet
969 3096 1248 3151 Tartalea.
1434 3100 1517 3151 10.
1555 3094 1625 3147 H
1630 3094 1762 3162 Ο]
1766 3097 1917 3161 ,⁶⁴no
1955 3094 2238 3149 Tartalea.
2395 3101 2479 3151 11.

450 3166 520 3221 H
524 3166 604 3238 ]
607 3168 709 3234 ‚m‘
714 3165 1032 3221 ‘Tar-talea
1068 3167 1150 3234 (et
1184 3165 1423 3223 fortasse
1461 3165 1520 3220 in
1555 3165 1801 3235 figurap
1804 3165 2168 3221 emutandae
2199 3166 2275 3219 M
2298 3166 2360 3219 et
2386 3166 2479 3231 Η·

449 3254 582 3293 nam
626 3235 688 3291 in
732 3237 916 3307 figura
949 3238 1245 3293 Tartaleae
1284 3238 1361 3291 M
1402 3238 1527 3293 loco
1572 3236 1795 3291 litterae
1833 3236 1903 3289 H
1940 3236 2201 3323 positum
2226 3238 2334 3307 est,
2381 3238 2482 3291 sed

450 3311 744 3378 praeterea
779 3310 925 3365 inter
955 3309 1031 3362 M
1065 3311 1122 3363 et
1153 3308 1199 3361 O
1235 3309 1433 3365 littera
1458 3307 1569 3377 H).
1668 3309 1826 3362 reeta
1879 3303 2023 3377 πρὸς
2048 3302 2251 3376 ὀρθάς.
2352 3325 2481 3377 „ea-

450 3380 620 3437 dent“
647 3379 928 3435 Tarta-lea.
998 3378 1138 3435 Post
1168 3379 1225 3433 Ρ
1248 3379 1619 3435 desideratur:
1662 3377 1820 3433 conci
1866 3380 1970 3433 at
1953 3396 2012 3432 m
2047 3378 2117 3448 T;
2156 3376 2313 3449 cfr.p
2320 3385 2474 3449 .385,

454 3457 535 3506 10.
668 3457 750 3508 14.
789 3450 1003 3523 RH],
1007 3454 1148 3520 ‚‘rm
1155 3451 1486 3506 ‘Tm-talea.
1614 3455 1696 3504 17.
1734 3450 2023 3521 aequales]
2062 3397 2313 3559 reqtosff’
2394 3456 2475 3507 18.

451 3522 668 3593 autem]
705 3522 915 3591 igitur?
953 3493 1086 3591 (δή).
