2659 3967
1036 110 1472 168 ARENARIUS.
2141 114 2274 178 279

239 256 433 322 dibus
482 260 643 327 orto.
736 257 847 324 sed
896 257 1201 341 quoniam
1248 257 1428 321 mille
1474 257 1794 342 myriades
1843 259 2274 326 secundorum

238 383 663 442 numerorum
712 366 932 432 sextus
981 361 1267 428 decimus
1312 363 1395 428 ab
1435 363 1686 431 unitate
1720 386 2030 440 numerus
2067 370 2168 432 est
2201 367 2274 432 in

240 471 685 554 proportione,
730 473 797 537 et
844 473 1102 552 centum
1148 469 1472 554 myriades
1521 472 1838 556 septimus
1879 475 1982 540 est
2017 473 2098 536 ab
2136 472 2275 538 mu'-

240 578 385 643 tate
432 575 503 640 in
538 577 762 660 eadem
798 576 1242 661 proportione,
1288 575 1577 661 adparet,
1620 576 2011 664 produntum
2045 578 2275 659 uicesi-

242 704 431 764 mum
476 681 826 764 secund-um
874 681 956 749 ab
1002 682 1255 749 unitate
1289 681 1430 766 fore
1468 682 1538 748 in
1576 683 1798 766 eadem
1834 685 2274 772 proportione.

242 789 487 854 horum
532 792 751 870 autem
797 787 1035 872 uiginti
1082 787 1352 852 duorum
1397 789 1592 874 primi
1639 793 1785 855 octo
1832 811 1980 870 eum
2025 790 2274 876 unitate
2312 791 2356 856 5

242 895 293 959 ii
344 899 521 977 sunt,
568 894 680 978 qui
725 892 924 976 primi
968 896 1310 976 uocantur,
1359 897 1504 960 octo
1553 898 1774 962 autem
1821 899 2160 982 sequentes
2209 897 2276 986 ii,

244 1002 361 1086 qui
421 1000 684 1066 secundi
737 1003 1078 1083 uocantur,
1136 999 1374 1084 reliqui
1427 1003 1646 1066 autem
1702 1023 1814 1068 sex
1868 1022 1948 1068 ex
1992 1003 2100 1085 iis,
2163 1003 2275 1093 qui

241 1106 427 1172 tertii
481 1101 822 1188 uoea'ntur3
885 1107 951 1168 et
1004 1104 1275 1168 ultimus
1331 1126 1554 1173 eorum
1611 1109 1710 1172 est
1764 1110 2024 1174 eentum
2067 1109 2276 1196 millia

241 1213 596 1278 tertiorum
659 1231 1091 1293 numerorum.
1183 1211 1600 1296 manifestum
1668 1217 1768 1280 est
1822 1214 2048 1300 igitur,
2113 1215 2274 1280 mul-

240 1319 593 1385 titudinem
668 1340 901 1386 arenae
975 1317 1488 1404 magnitudinem
1560 1319 1866 1386 habentis
1939 1323 2276 1410 aequalem

244 1426 567 1510 sphaerae
623 1425 1009 1490 diametrum
1063 1424 1331 1490 habenti
1385 1427 1606 1492 decem
1662 1426 1866 1495 millia
1921 1429 2276 1516 digitorum

244 1535 520 1618 longam
574 1531 891 1596 minorem
948 1552 1089 1596 esse
1135 1551 1328 1616 quam
1373 1535 1632 1613 eentum
1678 1532 1890 1598 millia
1934 1534 2276 1602 tertiorum

244 1659 683 1704 numerorum.
776 1640 842 1702 et
897 1637 1202 1722 quoniam
1261 1637 1538 1722 sphaera
1589 1638 1978 1704 diametrum
2023 1640 2274 1726 habens

248 1745 537 1811 stadium
583 1744 850 1829 longam
886 1744 1100 1810 minor
1137 1747 1237 1808 est
1274 1743 1547 1828 sphaera
1579 1744 1970 1811 diametrum
2005 1745 2280 1812 habenti

250 1852 474 1916 decem
518 1850 728 1915 millia
765 1850 1118 1935 digitorum
1155 1851 1425 1936 longam
1437 1847 1506 1936 ¹),
1553 1851 1836 1940 adparet,
1883 1852 2078 1938 etiam
2115 1853 2278 1916 mul-

248 1958 598 2041 titudinem
674 1978 906 2021 arenae
980 1956 1492 2047 magnitudinem
1567 1956 1869 2039 habentis
1944 1959 2278 2042 aequalem

252 2065 569 2150 sphaerae
607 2061 993 2128 diametrum
1031 2060 1302 2126 habenti
1340 2061 1620 2128 stadium
1655 2063 1924 2148 longam
1961 2064 2278 2150 minorem

252 2192 395 2236 esse
433 2192 625 2254 quam
654 2173 917 2234 eentum
946 2167 1155 2232 millia
1183 2169 1524 2234 tertiorum
1551 2190 1988 2235 numerorum.
2051 2192 2278 2238 rursus
2316 2169 2358 2233 6

252 2280 471 2342 autem
530 2274 805 2358 sphaera
860 2274 1245 2340 diametrum
1294 2278 1548 2339 eentum
1593 2275 1807 2340 stadia
1850 2276 2120 2361 longam
2163 2277 2279 2342 ha-

250 2384 413 2448 bens
470 2386 727 2447 centum
774 2380 1179 2465 myriadibus
1227 2379 1569 2464 multiplex
1615 2384 1717 2446 est
1760 2402 1956 2466 quam
2003 2382 2281 2466 sphaera

254 2489 644 2554 diametrum
683 2486 967 2552 stadium
1005 2486 1271 2571 longam
1306 2486 1572 2552 habens.
1636 2487 1692 2552 si
1728 2486 1932 2572 igitur
1967 2509 2047 2552 ex
2085 2510 2282 2554 arena

254 2598 441 2660 tanta
478 2592 756 2677 sphaera
794 2592 1139 2677 colligitur,
1175 2595 1420 2676 quanta
1456 2595 1558 2657 est
1591 2593 1866 2677 sphaera
1892 2593 2280 2659 diametrum

256 2704 517 2766 eentum
546 2698 759 2763 stadia
785 2698 1051 2784 longam
1077 2698 1343 2777 habens,
1371 2698 1656 2782 adparet,
1683 2719 2022 2765 numerum
2050 2719 2282 2766 arenae

256 2808 573 2872 minorem
643 2804 781 2870 fore
856 2826 1124 2869 numero
1191 2804 1410 2870 decem
1475 2803 1874 2888 myriadibus
1938 2805 2284 2874 tertiorum

256 2933 676 2978 numerorum
728 2915 797 2978 et
851 2913 1109 2977 eentum
1164 2910 1566 2995 myriadibus
1621 2911 2070 2996 multiplicatis
2119 2914 2285 2976 orto.

403 3089 456 3154 1)
493 3086 697 3143 Heron.
738 3084 901 3140 defin.
943 3091 1068 3140 131:
1112 3079 1175 3138 τὸ
1218 3081 1449 3139 στάδιον
1488 3081 1605 3153 ἔχει
1645 3127 1656 3139 .
1689 3129 1700 3141 .
1734 3127 1745 3140 .
1786 3081 2099 3149 δακτύλους
2139 3077 2284 3160 ,θ’χῖ

263 3333 399 3372 corr,
437 3315 659 3372 wallis.
808 3322 889 3371 10.
927 3315 1150 3388 τρίτων]
1190 3336 1277 3384 τρι
1315 3334 1441 3371 oum
1481 3333 1661 3388 comp.
1701 3337 1781 3372 ων
1815 3317 1888 3383 F3
1935 3332 2073 3371 cort.
2113 3315 2176 3390 B.

265 3394 345 3442 12.
384 3390 669 3456 μεγεθους
705 3385 776 3454 F;
815 3403 952 3442 corr.
990 3387 1053 3442 B.
1170 3392 1256 3442 20.
1297 3386 1391 3458 δέ]
1429 3387 1651 3457 scripsi3
1691 3387 1763 3456 δη
1799 3387 1860 3454 F,
1897 3386 2087 3456 uulgo.
2197 3391 2286 3440 23.

262 3459 595 3528 μυριαὸεσιν
631 3455 701 3524 F}
740 3473 877 3513 corr.
914 3457 975 3512 B.
1124 3462 1208 3511 24.
1246 3451 1310 3528 ἆ]
1351 3474 1458 3513 om.
1497 3456 1568 3524 Ἐς
1607 3473 1744 3513 eorr.
1782 3455 2002 3512 Wallis.
