2659 3967
366 146 493 212 108
1122 142 1299 194 ΠΕΡΙ
1333 140 1633 194 ΕΛΠζΩΝ.

362 291 577 370 ἕλικος
630 289 743 356 καὶ
798 293 919 369 τᾶς
963 295 1101 357 ΑΕ
1151 283 1424 366 εὐθείας
1468 283 1620 352 ποτὶ
1664 281 1784 352 τὸν
1833 288 2098 351 ΑΖΗΙ
2137 281 2391 350 κύκλον

360 398 565 483 λόγον
614 401 766 484 ἔχει,
814 393 897 465 ὃν
944 394 1022 464 τὰ
1072 394 1125 477 ζ’
1173 393 1322 462 ποτὶ
1372 392 1489 478 ιβ’.

496 508 663 571 ἔστω
711 501 797 590 δή
844 530 946 582 τις
988 500 1233 581 κύκλος
1280 498 1317 569 ὁ
1360 517 1397 572 Q
1416 552 1436 587 ‚
1483 497 1526 567 ἆ
1567 498 1643 568 δὲ
1680 500 1753 566 ἐκ
1789 503 1910 568 τοῦ
1948 499 2232 588 κέντρου
2267 502 2391 567 τοῦ

360 627 397 682 (ἶ
440 609 695 678 κύκλου
742 608 1027 696 δυνάμει
1076 615 1191 676 ἴσα
1234 611 1326 700 τῷ
1375 633 1446 675 τε
1492 605 1626 675 ὑπὸ
1673 610 1799 676 τᾶν
1827 616 1892 675 A
1903 613 1990 692 Θ,
2038 613 2169 673 ΘΕ
2209 626 2390 694 περι-

288 732 319 779 5
360 716 653 806 εχομένῳ
699 714 814 781 καὶ
856 717 949 806 τῷ
994 720 1195 806 τρίτῳ
1242 714 1426 803 μέρει
1471 718 1595 782 τοῦ
1641 711 1775 781 άπὸ
1823 717 1941 793 τᾶς
1986 723 2051 782 Α
2061 720 2124 781 Ε
2163 737 2390 802 τετρα-

356 811 603 908 γώνου.
694 821 824 902 ἕξει
883 819 968 908 δὴ
1027 818 1063 889 ὁ
1112 838 1150 893 (ἦ
1194 819 1442 901 κύκλος
1485 821 1639 888 ποτὶ
1684 818 1814 888 τὸν’
1851 825 2134 907 ΛΗΖΙ,
2191 816 2284 898 ὥς
2330 817 2384 900 ζ’

356 929 508 996 ποτὶ
556 927 675 1015 ιβ’,
724 925 899 996 διότι
944 927 1055 995 καὶ
1102 924 1145 994 ἆ
1193 927 1265 994 ἐκ
1308 932 1432 996 τοῦ
1477 925 1762 1017 κέντρου
1808 923 2019 994 αὐτοῦ
2063 925 2217 994 ποτὶ
2263 926 2388 997 τάν

358 1038 429 1103 ἐκ
481 1038 603 1103 τοῦ
658 1033 944 1124 κέντρου
996 1039 1122 1102 τοῦ
1169 1042 1388 1103 ΑΖΗ
1387 1042 1435 1103 Ι
1481 1035 1735 1104 κύκλου
1787 1038 2032 1102 τοῦτον
2087 1038 2220 1121 ἔχει
2275 1038 2389 1102 δυ-

357 1140 553 1228 νάμει
606 1141 728 1210 τὸν
784 1141 1010 1229 λόγον.
1105 1141 1530 1230 δειχθησὲται
1587 1135 1714 1211 οὖν
1768 1150 1912 1223 ἴσος
1968 1139 2004 1210 ὁ
2053 1158 2090 1213 Q
2143 1139 2391 1221 κύκλος

1471 1256 1564 1343 τῷ
1639 1249 2086 1340 περιεχομένῳ
2162 1253 2384 1339 χωρίῳ

1471 1357 1606 1428 ὑπό
1642 1383 1714 1426 τε
1744 1361 1864 1438 τᾶς
1890 1361 2233 1426 ΑΒΓΔΕ
2255 1356 2385 1423 ἕλι-

1471 1494 1590 1546 κος
1625 1467 1737 1534 καὶ
1773 1470 1891 1546 τᾶς
1929 1472 1992 1532 Α
2003 1471 2066 1531 Ε
2097 1461 2388 1542 εὐθείας.

1472 1579 1534 1644 εἰ
1585 1573 1715 1663 γὰρ
1769 1571 1891 1660 μή,
1947 1569 2099 1658 ἤτοι
2146 1575 2387 1656 μείζων

1472 1680 1654 1750 ἐστὶν
1708 1675 1753 1767 ἦ
1813 1678 2126 1747 ἐλάττων.
2217 1681 2384 1746 ἔστω

1378 1810 1383 1815 ’
1472 1787 1557 1875 δὴ
1595 1787 1949 1876 πρότερον,
1980 1789 2041 1853 εἰ
2068 1785 2383 1870 δυνατόν,

1471 1900 1729 1982 μείζων.
1785 1889 2083 1961 δυνατὸν
2121 1891 2206 1979 δή
2247 1892 2386 1960 ἐστι

1470 2001 1624 2091 περὶ
1711 1999 1788 2067 τὸ
1873 1997 2126 2088 χωρίον
2206 2021 2385 2086 περι-

1468 2107 1726 2196 γράψαι
1791 2109 2011 2193 σχῆμα
2067 2107 2384 2172 ἐπίπεδον

1475 2217 1540 2296 ἐξ
1597 2212 1854 2301 ὁμοίων
1905 2209 2170 2298 τομέων
2227 2230 2385 2296 συγ-

1469 2327 1812 2408 κείμενον,
1865 2316 2035 2387 ὥστε
2078 2315 2154 2385 τὸ
2203 2341 2384 2405 περι-

1467 2426 1730 2519 γραφὲν
1770 2430 1997 2514 fimeta
2033 2430 2260 2512 μεῖζον
2293 2419 2384 2492 εῖ-

1467 2563 1591 2622 μεν
1617 2537 1742 2602 τοῦ
1771 2537 2026 2621 χωρίου
2043 2530 2384 2616 ἐλάσσονι,

1467 2638 1508 2729 ἢ
1574 2633 1629 2735 ᾧ
1691 2638 1996 2730 ὑπερέχει
2061 2635 2098 2706 ὃ
2167 2655 2204 2710 Q
2265 2636 2382 2704 κύ-

1465 2756 1623 2828 κλος
1666 2750 1790 2815 τοῦ
1836 2749 2108 2834 χωρίου.
2198 2767 2381 2831 περι-

241 2867 309 2916 25
346 2851 742 2939 γεγράφθω,
788 2853 901 2921 καὶ
946 2857 1137 2939 ἔστω,
1186 2853 1253 2934 ἐξ
1300 2845 1400 2922 ὧν
1447 2859 1784 2939 συγκείται
1830 2850 1906 2920 τὸ
1945 2874 2382 2939 περιγεγραμ-

346 2955 555 3043 μένον
602 2962 844 3044 σχῆμα,
891 2958 1197 3045 μέγιστος
1244 2958 1368 3046 μὲν
1408 2957 1445 3028 ὅ
1485 2965 1698 3027 ΘΑΚ
1727 2955 1990 3046 τομεὺς,
2039 2957 2384 3045 ἐλάχιστος

346 3061 423 3130 δὲ
487 3061 523 3131 ὁ
580 3069 803 3132 ΘΟΔ.
895 3058 1106 3150 δῆλον
1172 3057 1329 3153 οὖν,
1397 3063 1500 3134 ὅτι
1554 3064 1630 3133 τὸ
1689 3063 2100 3154 περιγραφὲν
2160 3066 2382 3151 σχῆμα

346 3169 621 3237 ἔλαττόν
678 3173 813 3238 ἐστι
858 3174 981 3238 τοῦ
1024 3171 1297 3240 κύκλου.
1389 3171 1952 3259 ἐκβεβλήσθωσαν
1997 3173 2073 3238 αἱ
2116 3168 2380 3238 εὐθείαι

344 3278 421 3344 αἱ
460 3274 776 3345 ποιούσαι
821 3277 972 3344 ποτὶ
1017 3281 1109 3370 τῷ
1137 3284 1196 3343 Θ
1242 3285 1391 3358 ἴσας
1433 3283 1704 3366 γωνίας,
1751 3276 1885 3346 ἔστ’
1937 3273 2025 3346 ὄὶν
2061 3276 2216 3345 ποτὶ
2252 3274 2380 3344 τάν

487 3442 538 3489 2.
578 3456 717 3506 προς
763 3453 864 3507 per
902 3453 1081 3508 comp.
1119 3437 1191 3506 15⁸3
1240 3453 1380 3493 corr.
1420 3437 1715 3494 Torellius.

1171 3516 1220 3564 6.
1258 3527 1399 3580 προς
1433 3514 1535 3579 pe&
1571 3525 1754 3581 comp.
1793 3508 1861 3578 F;
1903 3527 2042 3566 corr.
2080 3507 2377 3564 Torellius.

344 3506 431 3561 ed.
471 3505 663 3576 Basil„
702 3506 995 3563 TorelliuS.

1897 3445 1947 3494 3.
1988 3438 2050 3510 q]
2089 3453 2122 3496 ς
2158 3451 2380 3505 semper
