2659 3967
810 186 1028 242 LIBER
1066 184 1631 242 ASSUMPTORUM.
2096 188 2229 252 443

206 332 415 397 lineas
460 330 604 416 AO,
650 330 791 414 OD,
838 331 985 397 DB
1030 329 1444 416 semicirculi,
1491 336 1557 397 et
1601 333 1690 397 sit
1734 336 2028 398 centrum
2073 333 2230 399 duo-

205 460 355 502 rum
402 437 951 502 semicirculorum
996 437 1159 521 AB,
1202 435 1331 503 OD
1375 442 1687 537 punctum
1731 439 1814 521 Ε,
1861 442 1927 503 et
1973 439 2062 503 sit
2095 439 2240 504 EF

203 543 753 627 perpendicularis
801 565 999 630 super
1024 543 1186 628 AB,
1232 547 1300 609 et
1336 544 1732 628 producatur
1767 545 1852 610 ad
1878 544 1959 629 G,
2004 545 2232 629 utique

206 650 512 734 circulus,
566 650 748 715 cuius
805 650 1119 716 diameter
1164 654 1265 715 est
1307 649 1471 734 FG,
1526 650 1816 736 aequalis
1860 655 1965 716 est
2010 671 2232 735 super-

202 756 375 822 ficiei
428 760 767 822 coiitentae
822 780 863 823 a
908 757 1313 824 semicirculo
1361 757 1596 823 maiori
1639 761 1706 823 et
1751 780 1792 822 a
1834 756 2088 822 duobus
2137 778 2232 822 se·

207 863 573 947 micirculis,
617 864 728 948 qui
774 868 929 929 sunt
970 863 1149 929 intra
1192 862 1406 945 illum,
1451 865 1518 927 et
1565 884 1605 927 a
1649 863 2052 952 semicirculo
2097 885 2230 928 me-

201 968 341 1054 dio,
395 969 505 1053 qui
560 973 661 1035 est
717 974 901 1036 extra
953 970 1168 1053 illum,
1222 973 1290 1034 et
1343 973 1444 1034 est
1495 969 1708 1055 figura
1719 1021 1737 1054 ,
1791 992 1989 1054 quam
2031 974 2229 1036 uocat

203 1073 625 1141 Archimedes
674 1074 1015 1162 Salinon.¹)

338 1182 489 1266 quia
534 1181 670 1247 DC
707 1181 1014 1247 bifariam
1060 1185 1315 1247 secatur
1359 1182 1430 1246 in
1464 1182 1556 1266 E,
1603 1186 1670 1247 et
1717 1181 1940 1247 addita
1985 1186 2086 1249 est
2130 1184 2228 1248 illi

205 1286 345 1370 CA,
391 1292 580 1353 erunt
624 1289 751 1354 duo
798 1288 1117 1373 quadrata
1142 1286 1304 1371 DA,
1343 1286 1467 1353 UA
1513 1289 1710 1373 dupla
1754 1290 2025 1354 duorum
2070 1311 2232 1374 qua·

649 1433 658 1437 f
1023 1443 1032 1448 -ss
1474 1394 1808 1459 dratorum
1861 1394 2031 1479 DE,
2084 1395 2225 1460 EA

1473 1498 1681 1581 [Eucl.
1726 1498 1817 1584 ΙΙ,
1879 1501 2009 1581 10].
2111 1502 2222 1565 sed

1471 1604 1607 1670 FG
1645 1606 1933 1690 aequalis
1973 1609 2072 1671 est
2098 1607 2225 1690 ipsi

1471 1710 1689 1799 DA.²)
1740 1732 1897 1797 ergo
1921 1713 2046 1778 duo
2067 1735 2223 1797 qua·

1474 1820 1659 1884 drata
1685 1818 1839 1903 FG,
1867 1818 2000 1885 AG
2026 1819 2222 1903 dupla

1339 2010 1344 2015 p
1475 1929 1628 1991 sunt
1654 1927 1926 1991 duorum
1947 1926 2224 2009 quadra-

1472 2036 1693 2099 torum
1729 2030 1889 2115 DE,
1923 2030 2080 2095 EA.
2158 2033 2224 2095 et

1473 2140 1627 2223 quia
1670 2138 1815 2203 AB
1867 2134 2069 2221 dupla
2124 2140 2224 2201 est

1472 2245 1636 2330 AE,
1703 2249 1769 2310 et
1832 2243 1960 2309 OB
2024 2242 2223 2327 dupla

1472 2372 1726 2436 quoque
1792 2350 1959 2434 ED,
2034 2352 2223 2416 erunt

198 2460 324 2524 duo
381 2457 701 2543 quadrata
744 2457 914 2542 AB,
958 2457 1095 2525 DC
1143 2458 1504 2545 quadrupla
1556 2458 1831 2521 duorum
1879 2454 2222 2540 quadrato·

196 2586 342 2628 rum
377 2564 537 2647 DE,
572 2562 735 2648 EA,
781 2564 981 2629 immo
1019 2564 1217 2650 dupla
1254 2564 1529 2629 duorum
1570 2562 2034 2647 quadratorum
2069 2560 2222 2645 GF,

198 2667 341 2734 AO.
408 2669 710 2734 similiter
749 2670 945 2734 etiam
982 2669 1109 2734 duo
1148 2669 1393 2753 circuli,
1429 2690 1703 2753 quorum
1740 2666 2040 2732 diametri
2069 2672 2220 2733 nunt

197 2773 367 2857 AB,
412 2772 567 2856 Do,
629 2773 811 2857 dupli
867 2776 1021 2837 sunt
1077 2794 1325 2857 eorum,
1391 2794 1666 2857 quorum
1720 2772 2021 2839 diametri
2068 2776 2222 2837 sunt

198 2880 357 2962 GF,
403 2876 536 2945 AO
576 2880 667 2961 [p.
713 2878 863 2962 433,
913 2880 1009 2961 1],
1055 2882 1123 2942 et
1169 2877 1418 2941 dimidii
1463 2898 1712 2963 eorum,
1767 2900 2042 2962 quorum
2089 2879 2220 2943 dia-

195 2986 390 3050 metri
450 2987 604 3050 sunt
648 2984 818 3068 AB,
866 2983 1020 3069 OD,
1067 2984 1373 3069 aequales
1429 2984 1679 3104 duobus
1734 2985 2018 3070 circulis,
2063 3008 2220 3070 quo-

342 3179 395 3247 1)
432 3176 585 3231 Haec
632 3175 943 3257 propositio
978 3177 1218 3233 fortasse
1254 3193 1316 3231 re
1353 3193 1488 3232 uera
1523 3174 1872 3233 Archimedis
1909 3180 2008 3232 est.
2083 3177 2218 3247 quid

197 3248 429 3304 Salinon
464 3265 512 3301 si
495 3248 561 3315 t,
608 3245 843 3301 uerbum
879 3265 927 3301 si
930 3266 1000 3303 ne
1038 3246 1174 3302 dubi
1177 3263 1209 3302 o
1248 3246 1320 3303 ab
1358 3247 1637 3303 Arabibus
1675 3246 1782 3317 dep
1785 3250 2069 3316 matum,
2117 3247 2217 3301 du-

194 3319 331 3373 bito.
392 3334 501 3389 pro
530 3319 683 3372 σελίν
650 3336 775 3373 νιον
798 3318 1035 3403 accepit
1069 3318 1386 3374 Barrowius
1420 3336 1475 3387 p.
1513 3324 1634 3375 2⁷5.
1691 3320 1886 3401 οοιιῒτο,
1919 3317 2216 3373 Mauritius

197 3389 407 3445 Cantor
451 3390 489 3445 1.
529 3406 575 3445 c.
623 3389 696 3443 ab
741 3384 910 3452 σάλος
954 3390 1175 3444 deriuat
1212 3391 1267 3459 („
1269 3386 1649 3445 Wellenlinie‘
1653 3390 1707 3458 ‘.)
1780 3388 1900 3459 ipse
1937 3388 2006 3445 de
2041 3389 2218 3445 uerbo

197 3478 258 3513 σε
235 3456 313 3513 ἑιλ
292 3478 415 3515 ινον
452 3458 704 3529 cogitaui
741 3464 833 3531 (ez
868 3459 1235 3515 similitudine
1270 3456 1485 3515 frondis
1521 3460 1674 3531 apii).

339 3533 394 3598 2)
431 3531 580 3587 Nam
616 3478 1824 3600 GF=GE÷EF==AE÷ED=
1851 3531 1993 3588 AD.
