2659 3967
397 191 482 256 38
1152 192 1329 244 nm>1
1364 190 1661 243 ΕΜΚΩΝ.

391 342 478 419 A,
518 341 598 419 Β,
636 340 713 419 Γ,
752 341 840 419 Δ,
880 342 959 419 Ε,
998 340 1076 419 Ζ,
1114 338 1204 419 H,
1243 339 1302 401 Θ
1348 340 1459 399 ἴσα
1506 332 1647 400 ἐντὶ
1692 344 1832 413 τοῖς
1878 329 2008 400 ἀπὸ
2053 335 2179 402 τᾶν
2227 341 2311 419 Α,
2348 341 2430 420 Β,

392 445 470 525 Γ,
510 448 607 526 A,
645 446 735 525 Ε,
775 447 859 526 Ζ,
897 447 995 526 Η,
1043 447 1117 509 Θ.
1207 443 1326 506 καί
1379 441 1517 507 ἐντι
1572 438 1701 506 δύο
1757 438 1881 525 μὲν
1933 438 2016 506 τὰ
2068 436 2202 507 ὑπὸ
2256 446 2345 526 Β,
2393 447 2438 507 Ι

393 548 830 634 περιεχόμενα
885 554 1000 613 ἴσα
1052 546 1210 614 δυσὶ
1263 558 1407 626 τοῖς
1460 542 1593 613 ὑπὸ
1648 549 1775 636 πᾶν
1820 551 1909 631 Β,
1954 553 2014 614 Θ
2057 547 2433 635 περιεχομέ-

392 678 571 738 νοις,
628 653 755 721 δύο
813 652 893 720 δὲ
932 650 1012 719 τὰ
1070 649 1205 719 ὑπὸ
1253 655 1382 719 τᾶν
1428 658 1523 737 Κ,
1562 656 1629 719 Γ
1673 659 1786 719 ἴσα
1839 656 1932 742 τῷ
1988 653 2431 744 περιεχομένῳ

325 774 358 821 5
396 756 530 827 ὑπό
574 784 645 826 τε
691 762 810 838 τᾶς
842 764 903 825 Θ
946 761 1060 825 καὶ
1103 760 1221 837 τᾶς
1262 763 1746 846 τετραπλασίας
1787 760 1907 838 τᾶς
1941 763 2007 824 Γ
2034 754 2147 825 διὰ
2193 755 2268 825 τὸ
2304 756 2434 826 τὰν

394 871 466 932 Κ
510 869 910 933 διπλασίονα
957 860 1141 949 εἶμεν
1187 867 1306 944 τᾶς
1342 870 1430 949 Θ,
1478 863 1608 932 δύο
1656 863 1733 932 δὲ
1774 861 1856 932 τὰ
1902 860 2033 932 ὑπὸ
2082 868 2209 932 τᾶν
2246 872 2332 951 A,
2371 872 2434 932 A

396 978 513 1038 ἴσα
555 974 646 1062 τῷ
692 967 825 1038 ὑπὸ
870 973 990 1051 τᾶς
1035 977 1094 1041 Θ
1146 971 1261 1038 καὶ
1305 974 1425 1051 τᾶς
1469 970 1867 1052 ἑξαπλασίοις
1910 974 2029 1050 τᾶς
2079 978 2148 1038 A
2192 969 2305 1038 διὰ
2354 970 2432 1038 τὸ

391 1075 519 1145 τὰν
575 1084 639 1145 Λ
691 1081 1089 1166 τριπλασίαν
1148 1074 1335 1165 εἶμεν
1394 1081 1512 1158 τᾶς
1565 1084 1640 1144 Θ.
1732 1074 1980 1164 ὁμοίως
2038 1074 2123 1163 δὴ
2182 1076 2295 1144 καὶ
2351 1073 2434 1143 τὰ

394 1182 566 1251 ἄλλα
609 1182 694 1251 τὰ
741 1183 1060 1252 διπλάσια
1103 1180 1184 1251 τὰ
1233 1182 1670 1272 περιεχόμενα
1714 1179 1847 1251 ὑπὸ
1893 1186 2031 1251 τῶν
2073 1182 2436 1269 τμαμάτων

293 1305 362 1354 10
399 1298 513 1366 ἴσα
559 1290 698 1358 ἐντὶ
742 1293 834 1383 τῷ
880 1290 1330 1383 περιεχομένῳ
1376 1287 1512 1359 ὑπό
1551 1313 1620 1357 τε
1654 1292 1774 1369 τοῖς
1809 1295 1868 1357 Θ
1902 1290 2013 1356 καὶ
2047 1293 2168 1369 τᾶς
2194 1295 2438 1357 πολλα-

393 1402 679 1477 πλασίας
724 1394 830 1465 ἀεὶ
875 1394 1041 1464 κατὰ
1079 1393 1242 1475 τοὺς
1277 1396 1428 1482 ἑξῆς
1464 1394 1803 1485 ἀριθμοὺς
1830 1394 2105 1482 ἀρτίους
2128 1398 2250 1474 τᾶς
2286 1394 2434 1462 ἑπο-

395 1501 599 1588 μένας
659 1506 984 1591 γραμμαῖς.
1089 1500 1171 1568 τὰ
1238 1492 1368 1570 οὖν
1433 1501 1785 1589 σύμπαντα
1848 1500 2296 1587 ποτιλαβόντα
2355 1499 2433 1569 τὸ

394 1608 870 1702 περιεχόμενον
915 1606 1051 1676 ὑπό
1099 1632 1170 1676 τε
1214 1612 1335 1689 τᾶς
1380 1615 1439 1677 Θ
1482 1609 1595 1676 καὶ
1647 1611 1767 1689 τᾶς
1812 1615 1961 1687 ἴσας
2004 1606 2247 1688 πάσαις
2291 1620 2437 1687 ταῖς

395 1721 490 1799 A,
526 1721 616 1800 Β,
655 1719 733 1801 Γ,
771 1722 868 1800 A,
907 1721 996 1800 Ε,
1035 1722 1121 1800 Ζ,
1157 1722 1258 1800 Η,
1306 1721 1365 1782 Θ
1418 1712 1775 1783 ἐσσούνται
1829 1721 1943 1782 ἴσα
1994 1716 2087 1805 τῷ
2141 1737 2439 1803 περιεχο*

292 1836 360 1885 15
396 1823 576 1913 μένῳ
621 1818 757 1889 ὑπό
803 1847 873 1889 τε
916 1824 1036 1902 τᾶς
1077 1827 1136 1889 Θ
1180 1821 1293 1889 καὶ
1337 1825 1458 1902 τᾶς
1502 1828 1651 1901 ἴσας
1693 1819 1939 1900 πάσαις
1980 1823 2062 1911 τᾷ
2106 1846 2177 1888 τε
2214 1829 2279 1889 A
2322 1820 2435 1888 καὶ

393 1929 476 2015 τᾷ
530 1932 886 2017 τριπλασίᾳ
937 1930 1058 2007 τᾶς
1114 1933 1171 1994 Β
1225 1927 1339 1995 καὶ
1391 1930 1474 2017 τᾷ
1531 1932 1988 2017 πενταπλασία
2039 1931 2160 2007 τᾶς
2213 1931 2279 1994 Γ
2322 1926 2437 1994 καὶ

394 2031 501 2099 ἀεὶ
545 2035 629 2121 τᾷ
677 2037 1012 2122 [περισσᾷ]
1058 2030 1226 2100 κατὰ
1269 2032 1432 2113 τοὺς
1483 2033 1634 2119 ἑξῆς
1687 2030 2024 2122 ἄρνθμοὺς
2077 2031 2439 2122 περισσοὺς

394 2144 858 2229 πολλαπλασίᾳ
910 2142 1028 2219 τᾶς
1082 2139 1413 2226 ἑπομένας
1462 2142 1787 2227 γραμμᾶς.
1878 2139 2018 2207 ἐντὶ
2067 2138 2149 2207 δὲ
2196 2137 2310 2207 καὶ
2352 2135 2435 2207 τὰ

394 2241 526 2311 ἀπὸ
574 2246 701 2310 τᾶν
746 2253 842 2331 A,
878 2252 972 2331 Β,
1017 2250 1095 2331 Γ,
1136 2253 1231 2332 A,
1270 2253 1361 2332 E,
1400 2253 1486 2331 Z,
1522 2252 1621 2332 H,
1659 2253 1717 2313 Θ
1755 2247 2138 2333 τετράγωνα
2184 2252 2299 2313 ἴσα
2340 2248 2435 2336 τῷ

287 2367 358 2416 20
395 2351 842 2442 περιεχομένῳ
893 2348 1030 2419 ὑπὸ
1083 2356 1212 2420 τᾶν
1267 2350 1485 2420 αὐτᾶν
1541 2355 1875 2445 γραμμᾶν.
1974 2357 2113 2437 ἔστι
2166 2349 2299 2439 γὰρ
2356 2348 2435 2419 τὸ

395 2453 527 2523 ἀπὸ
573 2459 691 2535 τᾶς
735 2464 801 2523 A
853 2456 1277 2545 τετράγωνον
1333 2466 1488 2527 ἴσον
1540 2460 1633 2549 τῷ
1682 2457 2129 2548 περιεχομένῳ
2184 2453 2319 2525 ὑπό
2364 2481 2437 2523 τε

393 2565 514 2641 τᾶς
559 2568 617 2629 Θ
659 2562 772 2630 καὶ
817 2567 958 2643 τᾶς,
982 2571 1132 2643 ἴσας
1179 2563 1475 2649 [πάσαις]
1522 2567 1604 2653 τᾷ
1648 2588 1721 2632 τε
1758 2572 1821 2631 A
1866 2562 1978 2631 καὶ
2012 2566 2095 2653 τᾷ
2134 2571 2249 2653 ἴσᾳ
2292 2575 2439 2644 ταῖς

393 2674 678 2753 λοιπαῖς,
725 2659 813 2735 ἄν
859 2667 1102 2736 ἑκάστα
1148 2677 1260 2738 ἴσα
1302 2674 1387 2759 τᾷ
1424 2678 1518 2738 A·
1597 2668 1815 2748 ἰσάκις
1849 2666 1980 2757 γὰρ
2017 2683 2243 2765 μετρεῖ
2286 2666 2330 2736 δι’
2365 2694 2437 2737 τε

395 2780 454 2840 Θ
495 2771 622 2843 τὰν
668 2783 763 2861 A,
818 2773 930 2841 καὶ
984 2770 1028 2841 ἆ
1075 2782 1141 2841 A
1191 2772 1310 2855 τὰς
1365 2783 1515 2854 ἴσας
1559 2770 1729 2863 αὐτᾷ
1782 2775 1996 2853 πάσας
2049 2773 2181 2842 σὺν
2224 2777 2307 2865 τᾷ
2354 2784 2436 2842 A.

289 2895 359 2945 25
398 2877 569 2949 ὥστε
615 2889 768 2949 ἴσον
814 2881 952 2951 ἐστὶ
997 2878 1074 2950 τὸ
1114 2878 1248 2949 ἀπὸ
1278 2889 1345 2948 A
1380 2878 1802 2969 τετράγωνον
1847 2883 1942 2971 τῷ
1989 2882 2437 2972 περιεχομένῳ

393 2983 529 3054 ὑπό
583 3012 654 3054 τε
680 2990 825 3066 ,τᾶς
879 2992 939 3053 Θ
991 2986 1104 3053 καὶ
1161 2989 1282 3065 τᾶς
1340 2993 1489 3065 ἴσας
1545 2990 1628 3077 τᾷ
1682 2995 1747 3053 A
1805 2985 1918 3052 καὶ
1975 2988 2057 3075 τᾷ
2118 2989 2441 3077 διπλασία

392 3094 522 3159 τᾶν
567 3098 656 3177 Β,
695 3096 771 3177 Γ,
812 3098 908 3176 Δ,
947 3098 1036 3177 Ε,
1075 3098 1160 3177 Ζ,
1198 3097 1296 3178 H,
1336 3099 1420 3159 Θ·
1494 3093 1570 3159 αἴ
1609 3091 1740 3181 γὰρ
1796 3099 1937 3161 ἴσαι
1991 3095 2072 3182 τᾷ
2119 3100 2184 3160 A
2228 3092 2439 3160 πείσαι

546 3329 594 3377 1.
629 3328 745 3376 ’των
781 3320 845 3389 F,
880 3320 1070 3391 uulgO,
1107 3322 1173 3375 ut
1207 3320 1305 3376 lin.
1346 3329 1411 3389 3‚·
1433 3328 1483 3377 4.
1667 3328 1715 3375 2.
1756 3322 1860 3376 καί
1893 3318 2037 3395 ἕντι]
2076 3320 2301 3393 scripsi3
2338 3342 2439 3377 και

399 3410 529 3448 emt
563 3394 627 3461 F,
662 3389 852 3461 uulgo.
1031 3396 1085 3445 8.
1125 3389 1224 3465 δή]
1261 3393 1373 3448 sori
1414 3393 1488 3461 εἰς
1534 3395 1600 3448 δε
1637 3392 1701 3461 F,
1736 3392 1925 3463 uulgo.
2014 3418 2019 3421 ·
2111 3399 2191 3448 10.
2230 3395 2441 3447 παλλα-

397 3467 640 3525 πλασιας
674 3461 736 3516 F.
886 3466 970 3517 1‘1.
1006 3463 1268 3538 πεοισσᾷ]
1308 3462 1381 3519 do
1404 3480 1487 3519 οο.
1636 3468 1721 3518 18.
1758 3463 2169 3537 πολλαπλασίᾳ]
2208 3463 2439 3533 sex-ipah

399 3536 852 3597 πολιαπλασιονς
883 3533 947 3603 F,
984 3532 1172 3605 uulgo.
1330 3540 1413 3589 19.
1453 3533 1585 3604 τᾶν]
1623 3552 1736 3588 των
1773 3532 1833 3603 F,
1869 3533 2057 3604 uulgo.
2204 3539 2288 3589 22.
2328 3529 2443 3588 πά-
