2659 3967
449 199 581 264 302
902 196 1518 250 ΤΕΤΡΑΓΩΝΙΣΜΟΣ
1554 197 2021 251 ΠΑΡΑΒΟΛΗΣ.

446 339 600 429 ἄρα,
647 337 739 421 ώς
785 335 828 405 ἆ
874 344 1012 406 ΒΓ
1048 338 1200 408 ποτὶ
1246 336 1372 405 τὰν
1417 343 1531 404 ΒΙ
1569 335 1766 423 μάκει
1810 335 2023 419 οὕτως
2068 334 2111 404 ἆ
2157 344 2292 406 ΒΓ
2327 339 2488 407 ποτὶ

443 446 570 516 τὰν
604 453 735 516 ΒΘ
780 445 1080 532 δυνάμει.
1154 441 1498 530 ἀνάλογον
1543 441 1676 533 ἄρα
1718 444 1857 512 ἐντὶ
1894 447 1971 512 αἰ
2001 450 2145 530 ΒΓ,
2184 451 2334 530 ΒΘ,
2373 452 2494 513 ΒΙ

442 559 768 642 γραμμαί·
842 549 1010 621 ὥστε
1054 549 1177 619 τὸν
1224 547 1436 618 αὐτὸν
1482 553 1614 637 ἔχει
1660 548 1870 636 λόγον
1917 547 1961 619 ἆ
1999 555 2135 620 ΒΓ
2157 551 2314 618 ποτὶ
2351 550 2486 618 τὰν

444 666 591 744 ΒΘ,
638 655 721 728 ὃν
758 654 801 726 ἆ
833 663 955 726 ΓΘ
998 657 1150 725 ποτὶ
1194 654 1320 724 τὰν
1349 663 1472 724 ΘΙ.
1537 661 1720 724 ἔστιν
1763 656 1918 746 ἄρα,
1965 653 2054 738 ὡς
2089 653 2133 724 ἆ
2162 663 2289 725 ΓΔ
2323 659 2488 725 ποτὶ

374 789 406 839 5
442 767 569 835 τάν
617 773 771 852 ΔΖ,
819 761 1035 844 οὕτως
1078 760 1121 831 ἆ
1168 770 1291 830 ΘΖ
1339 762 1492 831 ποτὶ
1535 760 1662 830 τάν
1708 770 1860 831 ΘΗ.
1934 769 2016 854 τᾷ
2063 762 2138 832 δὲ
2183 769 2328 830 ΔΓ
2363 771 2488 832 ἴσα

445 875 626 944 ἐστὶν
682 870 725 941 ἅ
774 881 842 940 A
851 881 931 941 A.
1022 875 1234 958 δῆλον
1292 861 1452 956 οὖν,
1509 867 1612 938 ὅτι
1666 869 1786 938 τὸν
1831 867 2043 940 αὐτὸν
2088 875 2220 958 ἔχει
2265 869 2488 956 λόγον

443 977 485 1045 ἆ
537 985 680 1045 ΔΑ
723 976 876 1043 ποτὶ
921 973 1046 1042 τὰν
1094 981 1249 1060 ΔΖ,
1298 969 1383 1042 ὃν
1426 970 1470 1041 ἁ
1519 979 1644 1042 ΖΘ
1687 974 1838 1042 ποτὶ
1883 972 2009 1043 τὰν
2053 981 2205 1044 ΘΗ.

1412 1249 1442 1291 ε
1476 1274 1491 1289 .

556 1346 774 1416 ’Ἑστω
820 1349 1044 1434 τμᾶμα
1088 1346 1563 1435 περιεχόμενον
1607 1343 1741 1415 ὑπὸ
1789 1344 2063 1426 εὐθείας
2106 1347 2218 1414 καὶ
2265 1346 2481 1436 ὀρθο-

336 1481 401 1529 10
438 1460 694 1542 γωνίου
736 1452 963 1522 κώνου
1009 1457 1216 1542 τομᾶς
1259 1452 1338 1522 τὸ
1385 1459 1603 1537 ΑΒΓ,
1658 1453 1770 1520 καὶ
1815 1451 2012 1542 ἅχθω
2057 1451 2188 1522 ἀπὸ
2235 1458 2360 1523 τοῦ
2407 1464 2482 1522 Α

436 1560 614 1651 παρὰ
662 1559 789 1628 τὰν
835 1559 1195 1648 διάμετρον
1242 1555 1284 1626 ἆ
1315 1565 1466 1644 ΖΑ,
1513 1555 1642 1626 ἀπὸ
1685 1557 1760 1626 δὲ
1796 1562 1919 1627 τοῦ
1957 1565 2022 1626 Γ
2049 1558 2478 1640 ἐπιψαύουσα

435 1673 553 1749 vag
603 1671 728 1737 τοῦ
782 1665 1011 1735 κώνου
1064 1669 1271 1754 τομᾶς
1322 1663 1488 1733 κατὰ
1546 1663 1622 1733 τὸ
1679 1671 1744 1732 Γ
1789 1663 1832 1733 ἀ
1880 1672 2021 1734 ΓΖ.
2112 1669 2175 1733 εἰ
2225 1665 2311 1753 δή
2369 1692 2478 1747 τις

434 1773 675 1862 ἀχθείη
734 1776 808 1842 ἐν
862 1777 957 1863 τῷ
1008 1778 1212 1840 ΖΑΓ
1247 1773 1554 1864 τριγώνῳ
1598 1771 1780 1861 παρὰ
1827 1772 1952 1840 τάν
1996 1780 2160 1858 ΛΖ,
2205 1777 2300 1854 εἰς
2345 1771 2476 1842 τὸν

434 1878 643 1949 αὐτὸν
689 1879 897 1966 λόγον
944 1877 987 1946 ἆ
1030 1876 1314 1967 ἀχθεῖσα
1351 1880 1735 1965 τετμησέται
1773 1876 1906 1947 ὑπὸ
1942 1883 2063 1958 τᾶς
2097 1884 2219 1948 τοῦ
2259 1876 2476 1967 ὀρθο-
2529 1917 2541 1922 -
2618 1909 2621 1916 ⁴

328 2004 395 2054 16
432 1992 688 2074 γωνίου
751 1984 979 2055 κώνου
1041 1989 1249 2073 τομᾶς
1310 1985 1422 2053 καὶ
1485 1982 1528 2053 ἀ
1587 1995 1650 2052 Α
1663 1991 1728 2053 Γ
1782 1982 1916 2055 ὑπὸ
1970 1990 2090 2065 τᾶς,
2143 1983 2476 2073 ἀχθείσας

433 2091 847 2179 [ἀνάλογον]
940 2089 1274 2179 ὁμόλογον
1327 2090 1404 2159 δὲ
1451 2093 1736 2161 ἐσσείται
1780 2089 1858 2158 τὸ
1904 2094 2126 2178 τμᾶμα
2171 2095 2290 2172 τᾶς
2335 2103 2406 2161 Α
2413 2100 2484 2161 Γ

428 2196 506 2265 τὸ
544 2199 695 2265 ποτὶ
739 2202 831 2289 τῷ
861 2207 926 2265 Α
948 2202 1061 2289 ,τῷ
1106 2196 1394 2284 τμάματι
1429 2201 1550 2278 τᾶς
1584 2195 1908 2284 ἀχθείσας
1943 2201 2036 2290 τῷ
2072 2199 2224 2266 ποτὶ
2261 2203 2354 2291 τῷ
2384 2209 2475 2270 Λ.

563 2301 757 2389 ἄχθω
809 2302 939 2390 γάρ
986 2329 1083 2382 τις
1129 2300 1169 2370 ἆ
1222 2312 1289 2371 Δ
1299 2311 1365 2372 Ε
1403 2301 1582 2391 παρὰ
1627 2302 1754 2371 τὰν
1800 2312 1964 2390 ΑΖ,
2017 2305 2130 2372 καὶ
2174 2310 2470 2394 τεμνέτω

427 2411 697 2496 πρῶτον
756 2405 797 2476 ἆ
849 2417 916 2476 Δ
925 2416 989 2475 Ε
1036 2406 1159 2477 τὰν
1206 2419 1269 2476 Α
1279 2415 1345 2476 Γ
1390 2413 1561 2496 δίχα.
1653 2410 1793 2478 ἐπεὶ
1849 2401 1978 2478 οὖν
2033 2413 2213 2480 ἐστιν
2259 2411 2470 2501 ὀρθο-

323 2533 392 2586 20
429 2520 686 2602 γωνίου
729 2514 957 2585 κώνου
998 2514 1166 2604 τομὰ
1217 2513 1260 2583 ἆ
1299 2521 1519 2603 ΑΒΓ,
1563 2516 1676 2584 καὶ
1722 2515 1982 2605 ἀγμένα
2027 2515 2070 2584 ἆ
2107 2524 2245 2586 ΒΔ
2280 2519 2468 2607 παρὰ

426 2620 553 2690 τὰν
600 2620 983 2711 διάμετρον,
1031 2625 1108 2690 αἱ
1149 2622 1225 2690 δὲ
1270 2631 1436 2710 ΑΔ,
1483 2629 1626 2690 ΔΓ
1662 2631 1824 2708 ἴσαι,
1872 2625 2159 2692 ἑσσείται
2203 2629 2286 2714 τᾷ
2332 2632 2478 2694 ΑΓ

427 2727 853 2817 παράλληλος
906 2726 947 2796 ἁ
1008 2726 1173 2796 κατὰ
1220 2727 1295 2798 τὸ
1345 2736 1402 2796 Β
1452 2729 1875 2811 ἐπιψαύουσα
1919 2733 2039 2810 τᾶς
2081 2734 2203 2797 τοῦ
2252 2727 2468 2819 ὀρθο-

571 2982 619 3031 1.
657 2975 788 3031 ποτὶ
834 2973 941 3030 τάν
987 2973 1271 3031 ΒΘ-αῑ
1302 2981 1415 3030 ΒΓ
1443 2975 1539 3030 lin.
1580 2981 1613 3030 2
1660 2975 1946 3045 suppleui3
1998 2993 2106 3031 om.
2143 2977 2216 3046 F,
2262 2977 2358 3031 uul
2407 2994 2464 3034 ο.

424 3053 475 3104 5.
514 3052 567 3102 Δ
578 3051 620 3100 Ζ
643 3078 704 3087 -
728 3045 858 3101 ποτὶ
894 3044 1002 3100 τάν
1039 3063 1147 3102 om.
1176 3045 1220 3099 F
1254 3047 1458 3102 lacuna.
1492 3049 1624 3115 post
1653 3047 1773 3101 ΘΗ
1797 3045 2022 3115 relicta3
2062 3063 2202 3104 corr.
2235 3049 2322 3104 ed.
2401 3067 2464 3104 a·

424 3118 512 3173 sil.
656 3122 707 3171 8.
748 3117 892 3171 Hine
937 3117 1385 3186 propositionum
1430 3134 1690 3173 numeros
1738 3133 1846 3172 om.
1886 3118 1956 3187 F,
2010 3118 2110 3173 sod
2154 3119 2320 3174 initia.
2353 3137 2464 3190 per

425 3189 692 3244 lineolam
729 3189 1107 3242 transuersam
1144 3189 1203 3242 in
1239 3207 1350 3258 mg.
1393 3187 1619 3243 ductam
1659 3188 1933 3259 designat.
2081 3195 2130 3245 9.
2169 3210 2355 3261 τμημα
2383 3191 2462 3259 F;

426 3277 563 3316 corr.
605 3259 899 3314 Torellius.
1068 3265 1150 3314 13.
1191 3257 1271 3322 εἰς
1336 3257 1554 3324 addidi3
1593 3275 1703 3312 om.
1742 3257 1802 3327 F,
1839 3259 2029 3331 uulgo.
2191 3268 2273 3316 16.
2313 3257 2462 3315 ἀνά-

423 3330 614 3402 λογον]
664 3329 823 3384 unois
865 3327 1100 3384 inclusit
1137 3329 1221 3384 ed.
1307 3331 1459 3398 asil.;
1507 3347 1614 3385 om.
1655 3329 1952 3385 Torellius.
2102 3339 2184 3390 17.
2223 3328 2286 3387 τὸ
2324 3333 2462 3386 ποτὶ

422 3401 535 3526 ἱέὲ
568 3399 812 3526 ῗὲΡῗὲ
827 3419 959 3454 '‘⁰“
982 3418 1061 3525 ἶὲ
1097 3399 1453 3541 {uffan
1489 3402 1573 3527 {1⁶2³
1598 3400 1946 3528 53..ωὲῑωῖ
1983 3402 2460 3547 ’ἕοᾼαῇἓᾞεὲἒ

536 3514 549 3527 .
807 3511 820 3525 .
1051 3512 1063 3525 .
1541 3512 1558 3540 ,
1725 3514 1738 3526 .
1833 3513 1844 3526 .
2078 3519 2091 3530 .
2445 3513 2460 3540 ,

423 3556 562 3596 corr.
603 3525 898 3598 'soz-euius.
