2659 3967
476 165 573 220 DE
612 164 723 233 IIS,
762 165 958 231 QUAE
996 164 1077 220 IN
1113 163 1406 220 HUMIDO
1443 166 1871 225 UEHUNTUR.
2053 166 2190 232 383

150 311 435 378 solidum
484 309 845 376 conoidalis
888 331 1143 377 sursum
1177 310 1388 377 fertur
1423 311 1776 378 secundum
1813 333 1974 395 eam,
2020 333 2189 395 quae

146 440 269 503 per
304 418 393 502 B,
438 417 998 504 aequedistantem
1033 416 1160 501 ipsi
1197 415 1346 501 ΒΤ,
1386 417 1558 502 quod
1591 421 1812 482 autem
1850 421 2033 483 extra
2067 417 2186 484 hu-

148 523 401 590 midum
449 525 859 607 assumptum
904 521 1209 588 deorsum
1244 521 1452 588 fertur
1486 523 1570 610 in·
1590 521 1928 588 humidum
1967 544 2187 588 secun-

151 631 310 696 dum
354 629 735 714 productam
781 651 899 714 per
936 628 999 694 G
1044 629 1596 713 aequedistantem
1632 630 1760 712 ipsi
1796 628 1937 694 ΒΤ
1975 628 2033 710 [Ι
2069 629 2188 712 hy-

152 737 338 822 poth.
386 732 475 822 2],
522 738 589 799 et
634 757 752 819 per
795 739 1011 802 totum
1056 735 1227 800 idem
1274 735 1418 821 erit,
1465 734 1669 801 donec
1712 735 1934 820 utique
1972 735 2186 800 conoi·
2226 749 2263 802 5

159 843 307 908 dale
352 845 601 911 rectum
646 841 1049 909 restituatur.

1124 1088 1204 1156 V.

288 1231 493 1297 Recta
546 1231 765 1324 portio
822 1232 1184 1318 rectanguli
1230 1231 1620 1316 conoidaIiS,
1674 1233 1933 1317 quando
1979 1232 2190 1300 leuior

152 1339 436 1404 existens
487 1337 755 1404 humido
800 1339 1108 1404 habuerit
1154 1360 1340 1403 axem
1387 1338 1700 1404 maiorem
1746 1362 1940 1425 quam
1991 1339 2190 1405 emio-

148 1447 314 1511 lium
354 1445 509 1529 eiust,
546 1466 707 1528 quae
745 1467 945 1530 usque
984 1445 1065 1510 ad
1104 1466 1308 1528 axem,
1347 1445 1404 1509 si
1442 1445 1525 1510 ad
1560 1445 1899 1512 humidum
1935 1447 2004 1510 in
2041 1465 2184 1532 gra·
2228 1457 2300 1507 10
2411 1534 2433 1543 α

150 1551 365 1616 nitate
417 1571 549 1616 non
604 1551 917 1616 maiorem
970 1552 1461 1636 proportionem
1506 1551 1750 1616 habeat
1792 1551 1934 1636 illa,
1991 1573 2188 1636 quam

153 1659 356 1723 habet
412 1679 737 1743 excessus,
802 1679 930 1743 quo
985 1657 1196 1723 maius
1254 1660 1355 1722 est
1408 1659 1829 1744 tetragonum
1885 1658 2058 1742 quod
2104 1659 2189 1722 ab

156 1786 285 1842 axe·
330 1767 710 1850 tetragono,
769 1762 942 1848 quod
990 1765 1072 1829 ab
1120 1784 1414 1848 excessu,
1468 1785 1596 1848 quo
1645 1763 1786 1828 axis
1835 1765 1936 1828 est
1979 1763 2192 1829 maior

156 1893 351 1956 quam
398 1871 696 1936 emiolius
745 1872 901 1955 eius,
950 1892 1112 1956 quae
1157 1892 1360 1955 usque
1410 1870 1492 1934 ad
1531 1890 1736 1954 axem,
1783 1869 1869 1934 ad
1903 1872 2190 1954 tetrago-

154 1999 316 2042 num
363 1977 536 2063 quod
582 1976 665 2041 ab
713 1999 859 2061 axe,
904 1976 1174 2042 dimissa
1218 1977 1286 2041 in
1335 1976 1676 2040 humidum
1720 1977 1843 2060 ita,
1891 1979 1966 2040 ut
2011 1975 2189 2041 basis
2231 1986 2298 2037 15

154 2084 363 2169 ipsius
410 2086 553 2150 tota
600 2083 688 2148 sit
732 2085 802 2148 in
846 2082 1136 2168 humid0,
1181 2083 1398 2167 posita
1445 2081 1757 2148 inclinata
1795 2103 1929 2147 non
1967 2086 2192 2148 manet

153 2189 490 2276 inclinata,
536 2190 648 2255 sed
693 2190 1091 2272 restituetur,
1136 2189 1230 2255 ita
1276 2192 1351 2254 ut
1396 2190 1536 2254 axis
1583 2189 1790 2273 ipsius
1839 2189 2191 2254 secundum

159 2296 754 2382 perpendicularem
806 2298 911 2364 sit.

290 2422 669 2487 demittatur
716 2421 889 2486 enim
933 2421 1004 2485 in
1046 2421 1384 2486 humidum
1433 2422 1652 2506 aliqua
1694 2422 1929 2506 porti0,
1977 2421 2190 2505 qualis

160 2527 335 2592 dicta
390 2533 515 2613 est,
573 2531 639 2593 et
699 2527 788 2592 sit
841 2527 1017 2592 basis
1072 2527 1282 2612 ipsius.
1326 2530 1473 2592 tota
1516 2528 1586 2592 in
1631 2526 1918 2591 humido.
2011 2528 2189 2591 secta
2231 2537 2300 2586 20

156 2636 377 2698 autem
430 2635 577 2717 ipsa
625 2633 822 2719 plano
868 2655 987 2716 per
1032 2656 1218 2698 axem
1262 2637 1439 2698 recto
1488 2633 1570 2697 ad
1618 2631 2024 2716 superficiem
2071 2630 2192 2696 hu-

158 2738 321 2804 midi
366 2739 492 2804 erit
538 2739 740 2804 sectio
787 2738 1152 2823 rectanguli
1200 2739 1344 2804 coni
1393 2739 1594 2803 sectio
1635 2734 1813 2822 [περὶ
1849 2759 2006 2802 κων.
2049 2738 2190 2820 11];

158 2848 227 2909 et
273 2845 360 2909 sit
405 2865 567 2929 quae
613 2843 907 2929 APOL,
956 2845 1095 2909 axis
1143 2849 1363 2910 autem
1412 2849 1477 2910 et
1522 2844 1837 2909 diameter
1883 2842 2191 2908 sectionis

163 2972 331 3036 quae
377 2949 512 3016 No
522 3001 540 3036 ,
601 2950 961 3036 superficiei
1021 2948 1240 3018 autem
1294 2951 1544 3016 humidi
1602 2951 1804 3016 sectio
1863 2971 2026 3036 quae
2073 2949 2125 3015 Ι
2125 2948 2192 3016 S.

158 3061 227 3122 et
283 3056 595 3142 quoniam
647 3078 783 3121 non
840 3061 942 3122 est
991 3057 1132 3122 axis
1178 3056 1530 3123 secundum
1574 3055 2191 3142 perpendicularem,
2230 3065 2300 3116 25

156 3185 295 3228 non
340 3163 539 3229 faciet
581 3185 745 3248 quae
783 3162 917 3229 No
954 3163 1035 3230 ad
1072 3164 1124 3230 I
1122 3162 1177 3232 S
1210 3164 1486 3250 angulos
1523 3163 1845 3249 aequales.
1919 3164 2194 3230 ducatur

306 3382 355 3430 1.
393 3376 531 3442 „ea“
570 3373 851 3433 Tartalea.
988 3378 1035 3428 3.
1078 3374 1436 3443 ,assumptff
1476 3372 1755 3429 Tartalea.
1827 3429 1830 3434 ,
1895 3379 1978 3428 10.
2019 3373 2192 3444 quae]

158 3447 344 3512 ,‚que“
382 3445 663 3501 Tartalea.
804 3451 887 3500 12.
928 3445 1353 3516 „tetragonam“
1391 3444 1672 3500 Tartalea.
1805 3449 1889 3500 23.
1930 3443 2077 3516 axis]
2117 3460 2192 3498 sc.

156 3514 452 3586 portionis.
600 3521 684 3570 24.
724 3517 891 3587 quae]
931 3515 1129 3586 (prius)
1168 3517 1409 3586 „quam“
1448 3515 1728 3572 Tartalea.
2156 3557 2168 3564 .-
