2659 3967
445 166 576 230 218
959 169 1348 220 ΕΠΙΠΕΔΩΝ
1384 168 1840 221 ΙΣοΡΡοΠΙῼΝ
1874 163 1961 221 Β’.

438 311 685 376 τοῦτον
740 306 986 394 ἔχουσά
1039 335 1139 389 τις
1192 313 1426 396 λαφθῇ
1483 309 1635 377 ποτὶ
1690 306 1770 376 τὰ
1814 315 1967 393 τρία
2011 306 2483 395 πεμπταμόρια

439 418 557 493 τοῖς
591 411 947 502 ὑπεροχᾶς,
986 406 1040 503 ’ᾇ
1077 412 1383 503 ὑπερέχει
1421 411 1462 482 οἳ
1504 421 1779 501 μεγίστα
1814 419 1939 482 τᾶν
1977 411 2323 499 ἀνάλογον
2358 418 2481 493 τᾶς

438 526 690 608 τρίτας,
753 516 836 588 ὃν
896 519 972 588 δὲ
1030 525 1162 608 ἔχει
1220 520 1429 607 λόγον
1484 518 1527 588 ἆ
1585 529 1698 588 ἴσα
1750 525 1831 609 τᾷ
1878 547 1948 588 τε
1995 525 2314 608 διπλασία
2360 523 2481 599 τᾶς

439 633 748 713 μεγίστας
799 629 927 692 τᾶν
981 623 1324 713 ἀνάλογον
1380 626 1491 693 καὶ
1546 630 1629 716 τᾷ
1675 633 2117 715 τετραπλασίᾳ
2161 629 2279 705 τᾶς
2327 629 2480 693 δευ-

369 749 402 797 5
437 735 630 822 τέρας
683 732 796 799 καὶ
851 736 932 820 τᾷ
989 733 1353 822 ἑξαπλασίᾳ
1401 736 1523 812 ’τᾶς
1567 739 1790 821 τρίτας
1834 733 1945 800 καὶ
1989 737 2071 822 τᾷ
2116 738 2481 821 τριπλασίᾳ

429 845 556 920 τοῖς
612 837 925 926 τετάρτας
983 839 1136 906 ποτὶ
1189 837 1317 907 τὰν
1376 847 1530 906 ἴσαν
1585 842 1667 928 τᾷ
1722 864 1791 906 τε
1846 844 2302 927 πενταπλασία
2342 841 2481 916 ,τᾶς

438 944 746 1033 μεγίστας
790 945 905 1010 καὶ
945 949 1027 1032 τᾷ
1068 949 1477 1034 ὃεκαπλασία
1512 949 1631 1024 τᾶς
1668 947 1981 1032 δευτέρας
2016 945 2127 1011 καὶ
2162 949 2245 1032 τᾷ
2285 947 2479 1010 δεκα-

437 1056 686 1140 πλασίᾳ
737 1054 856 1129 τᾶς
907 1056 1132 1138 ’τρίτας
1185 1051 1297 1118 καὶ
1351 1055 1435 1140 τᾷ
1488 1057 1942 1140 πενταπλασία
1980 1055 2100 1131 τοῖς
2134 1049 2479 1136 τετάρτας,

435 1161 680 1224 τοῦτον
727 1155 972 1244 ἔχουσά
1019 1182 1118 1236 τις
1154 1161 1393 1245 λαφθῇ
1431 1158 1583 1224 ποτὶ
1619 1154 1745 1224 τάν
1782 1155 2145 1246 ὑπεροχάν,
2192 1147 2237 1222 ἆ
2272 1152 2483 1244 ὑπερ-

335 1277 401 1327 10
439 1263 568 1350 έχει
605 1258 648 1328 o‘c
688 1267 962 1348 μεγίστα
999 1267 1126 1330 τᾶν
1165 1261 1507 1350 ἀνάλογον
1544 1267 1660 1342 τᾶς
1684 1269 1929 1352 τρίτας,
1969 1263 2480 1350 συναμφοτέραι

437 1372 514 1435 αἰ
543 1371 910 1455 λαφθείσαι
948 1367 1304 1436 ἐσσούνται
1344 1368 1471 1436 δύο
1508 1368 1973 1455 πεμπταμόρια
1998 1373 2117 1448 τᾶς
2144 1373 2478 1454 μεγίστας.

645 1515 689 1562 A
891 1478 1190 1542 ἔστωσαν
1257 1475 1571 1559 τέσσαρες
1633 1475 1930 1570 γραμμαὶ
1994 1473 2335 1560 ἀνάλογον
2402 1477 2481 1540 αἱ

757 1580 918 1667 ΑΒ,
966 1587 1110 1666 ΒΓ,
1158 1588 1326 1666 BA,
1384 1587 1541 1665 ΒΕ,
1596 1580 1708 1646 καὶ
1765 1576 1849 1648 ὃν
1905 1568 2041 1667 μὲν·
2085 1585 2218 1667 ἔχει
2262 1579 2476 1665 λόγον

756 1683 797 1753 ἆ
859 1693 992 1754 ΒΕ
1041 1688 1195 1754 ποτὶ
1252 1693 1416 1772 ΕΛ,
1471 1689 1719 1754 τοῦτον
1775 1689 1969 1774 ἐχέτω
2026 1684 2071 1753 ἅ
2129 1692 2270 1753 ΖΗ
2319 1686 2477 1754 ποτὶ

649 1833 703 1882 Γ
758 1791 839 1860 τὰ
893 1798 1046 1881 τρία
1105 1794 1365 1877 πέμπτα
1420 1797 1541 1871 τοῖς
1585 1800 1756 1879 ΑΛ,
1814 1789 1898 1860 ὃν
1955 1791 2031 1860 δὲ
2084 1791 2291 1878 λόγον
2339 1795 2477 1878 ἔχει

759 1896 802 1964 o‘c
859 1907 972 1967 ἴσα
1025 1903 1108 1987 τᾷ
1165 1904 1484 1989 διπλασία
1532 1903 1650 1978 τᾶς
1696 1910 1759 1966 Α
1768 1906 1826 1965 Β
1870 1899 1983 1966 καὶ
2028 1905 2479 1988 τετραπλασίᾳ

755 2009 874 2084 τὸἑς
909 2012 1043 2073 ΒΓ
1078 2005 1192 2072 καὶ
1237 2006 1601 2094 ἕξαπλασίᾳ
1640 2009 1758 2084 τᾶς
1793 2011 1932 2072 BA
1966 2005 2078 2072 καὶ
2114 2011 2477 2094 τριπλασίᾳ

755 2115 874 2189 τᾶς
919 2119 1052 2179 ΒΕ
1105 2111 1257 2179 ποτὶ
1311 2109 1437 2180 τάν
1492 2119 1648 2178 ἴσαν
1708 2115 1791 2198 τᾷ
1846 2117 2301 2200 πενταπλασία
2354 2116 2477 2192 τᾶς

754 2223 886 2284 ΑΒ
942 2218 1054 2284 καὶ
1111 2222 1520 2306 δεκαπλασίᾳ
1564 2221 1683 2296 τᾶς
1728 2223 1851 2284 ΓΒ
1897 2218 2010 2284 καὶ
2057 2222 2475 2306 δεκαπλασίᾳ

753 2326 872 2402 τᾶς
899 2330 1029 2390 ΒΛ
1055 2324 1168 2391 καὶ
1195 2330 1651 2413 πενταπλασία
1676 2327 1797 2403 τοῖς
1820 2330 1967 2409 ΒΕ,
1996 2327 2241 2395 τοῦτον
2270 2325 2474 2411 ἐχέτω

753 2426 873 2496 τὸν
939 2429 1147 2516 λόγον
1211 2427 1253 2496 ἆ
1315 2435 1395 2498 Η
1398 2437 1455 2496 Θ
1517 2430 1668 2497 ποτὶ
1723 2427 1850 2497 τάν
1906 2439 2063 2498 ΑΛ.
2148 2433 2471 2516 δεικτέον,

643 2589 692 2640 Ε
756 2533 860 2603 ὅτι
907 2533 950 2602 ἅ
999 2542 1122 2603 ΖΘ
1168 2535 1294 2604 δύο
1342 2535 1804 2624 πεμπταμόριά
1854 2538 1992 2604 ἐντι
2037 2541 2155 2616 τοῖς
2201 2546 2265 2604 Λ
2277 2545 2353 2604 Β.

890 2643 1029 2711 ἐπεὶ
1106 2642 1235 2733 γὰρ
1309 2639 1653 2728 ἀνάλογόν
1728 2645 1864 2710 ἐντι
1939 2645 2013 2708 αἰ
2081 2649 2247 2727 AB,
2324 2648 2473 2729 ΒΓ,

755 2755 922 2835 ΒΔ,
969 2755 1126 2835 ΒΕ,
1173 2749 1285 2815 καὶ
1331 2751 1407 2815 αἰ
1449 2753 1600 2835 ΑΓ,
1649 2753 1794 2834 ΓΛ,
1845 2756 1984 2816 ΔΕ
2026 2749 2099 2816 ἐν
2144 2753 2237 2840 τῷ
2286 2741 2471 2842 αὐτῷ

755 2853 934 2946 λόγῳ
1001 2857 1155 2922 ἐντί.
1258 2854 1371 2921 καὶ
1437 2854 1944 2941 συναμφότερος
2006 2853 2049 2922 ἆ
2112 2865 2178 2922 A
2188 2861 2277 2942 Β,
2347 2861 2481 2924 ΒΓ

755 2957 908 3026 ποτὶ
978 2959 1103 3026 τὰν
1166 2967 1335 3044 ΒΛ,
1406 2961 1747 3028 τουτέστιν
1820 2957 1863 3027 ἅ
1931 2964 2249 3028 διπλασία
2312 2983 2471 3030 συν-

436 3064 820 3152 αμφοτέρου
891 3069 1008 3145 τᾶς
1071 3075 1200 3134 ΑΒ
1213 3119 1231 3153 ,
1301 3071 1434 3134 ΒΓ
1496 3067 1647 3134 ποτὶ
1720 3065 1843 3133 τὰν
1897 3071 2311 3136 ,διπλασίαν
2352 3073 2472 3147 τᾶς

447 1636 496 1688 Θ

333 1807 399 1857 15

438 2114 498 2164 H

651 2169 703 2217 A

331 2335 401 2384 20
449 2378 539 2427 Z—

593 2207 693 2638 1—5-——1

327 2867 398 2917 25

595 2930 690 2978 -B

583 3213 629 3262 1.
669 3225 1066 3277 πεμπτημορια
1101 3207 1171 3276 Ἐς
1212 3225 1349 3263 corr.
1387 3206 1683 3263 Toranius,
1828 3215 1878 3264 2.
1916 3200 1980 3281 ἆ]
2018 3205 2087 3272 ἇς
2122 3209 2195 3276 F;
2234 3225 2374 3264 corr.
2403 3210 2466 3266 B.

435 3277 568 3350 rav]
604 3297 637 3332 τ
673 3277 742 3344 Fz
779 3270 797 3292 ⁹
836 3277 1055 3332 addidit
1089 3295 1286 3332 manus
1325 3285 1385 3346 2³
1422 3275 1526 3342 τὰς
1562 3285 1627 3347 A,
1654 3279 1748 3334 ed.
1786 3263 1959 3336 Basii.
2081 3287 2130 3335 3.
2170 3280 2465 3354 ειπιασιᾳ]

437 3352 474 3440 ’β’
507 3367 577 3433 F,
624 3367 690 3421 ut
735 3365 1060 3438 saepissime
1110 3367 1172 3421 in
1207 3367 1314 3421 hae
1351 3367 1757 3437 proposition03
1807 3385 1946 3424 corr.
1983 3368 2101 3424 fere
2144 3370 2232 3425 ed.
2266 3369 2467 3436 Βορῆς

438 3453 544 3506 ego
582 3454 801 3506 semper
835 3441 1020 3494 totum
1055 3438 1292 3493 uerbum
1327 3438 1495 3507 posui
1532 3439 1801 3494 suadente
1838 3437 2053 3494 Nizzio.
2232 3446 2285 3494 4.
2320 3434 2467 3494 ἅναξ-

435 3508 628 3578 λογον]
669 3511 979 3578 αναλογιαν
1015 3509 1086 3577 F3
1135 3523 1274 3564 corr·
1324 3508 1411 3563 ed.
1449 3508 1615 3564 Basil.
1798 3513 1848 3564 5.
1886 3509 1986 3564 καὶ
2029 3510 2100 3586 τᾷ
2137 3510 2464 3586 τριπλασίᾳ]
