2659 3967
434 217 565 282 276
1244 215 1657 266 mmmmm.

352 391 359 401 ·
430 362 967 426 πλασιασθεισᾶν
1003 360 1129 424 τᾶν
1168 357 1327 424 δέκα
1363 353 1684 441 μονάδων
1721 359 1857 424 τῶν
1896 357 2227 444 δευτέρων
2265 353 2473 441 ἀριθ-

351 470 393 534 3
431 470 579 553 μῶν
634 477 776 545 ταῖς
830 462 897 550 ρ’
954 461 1414 550 μυριάδεσσιν.
1508 461 1647 529 ἐπεὶ
1706 459 1770 529 δ’
1831 464 1906 528 αἱ
1946 465 2082 530 τῶν
2129 462 2476 548 δευτέρων

432 569 749 660 ἀριθμῶν
816 572 975 638 δέκα
1039 567 1329 656 μονάδες
1395 567 1668 648 δέκατός
1733 569 1912 636 ἐστιν
1977 566 2266 655 ἀριθμὸς
2325 565 2482 635 ἀπὸ

436 678 735 764 μονάδος
782 675 1125 762 ἀνάλογον
1165 677 1238 742 έν
1283 677 1366 760 τᾷ
1411 677 1546 740 τῶν
1584 678 2048 742 δεκαπλασίων
2085 672 2264 761 ὅρων
2299 671 2486 742 ἀνα-

358 805 395 852 ῡ
434 789 662 874 λογίᾳ,
724 785 799 849 αἱ
856 782 931 850 δὲ
990 778 1228 849 ἑκατὸν
1288 777 1608 866 μυριάδες
1661 780 1945 866 ἕβδομος
1989 778 2121 847 ἀπὸ
2169 778 2490 866 μονάδος

437 892 508 958 ἐκ
552 894 670 970 τᾶς
716 887 922 968 αὐτᾶς
959 885 1344 973 ἀναλογίας,
1392 888 1624 971 δῆλον,
1671 883 1762 966 ῶς
1800 883 1836 952 ὃ
1875 886 2234 972 γενόμενος
2269 883 2490 973 ἀριθ-

436 994 561 1082 μὸς
625 997 910 1062 ἐσσείται
974 997 1112 1062 τῶν
1177 995 1249 1060 ἐκ
1311 995 1428 1072 τᾶς
1491 989 1696 1072 αύτάς
1747 989 2114 1078 ἀναλογίας
2177 993 2490 1059 ἑκκαιδέ-

436 1126 635 1180 κατος
681 1096 813 1168 ἀπὸ
862 1100 1176 1186 μονάδος.
1249 1101 1578 1166 δεδείκται
1621 1097 1774 1186 γάρ,
1823 1095 1925 1166 ὅτι
1963 1099 2065 1166 ἑνὶ
2104 1095 2493 1178 ἐλασσόνας

439 1205 665 1292 ἀπέχει
712 1203 843 1272 ἀπὸ
889 1210 1008 1286 τοῖς
1045 1204 1362 1292 μονάδος,
1408 1199 1450 1289 ἦ
1492 1201 1650 1284 ὅσος
1685 1201 1934 1272 ἐστὶν’
1905 1230 1940 1271 ο
1981 1201 2272 1292 ἀριθμὸς
2305 1221 2492 1271 συν-

336 1333 401 1381 10
440 1313 870 1400 ἀμφοτέρων,
928 1308 1049 1392 οὓς
1103 1308 1418 1398 ἀπέχοντι
1463 1307 1594 1377 ἀπὸ
1641 1309 1940 1396 μονάδος
1987 1313 2057 1376 οἱ
2097 1316 2491 1378 πολλαπλα-

441 1417 785 1499 σιαξάντες
844 1415 1193 1498 ἀλλάλους.
1282 1419 1418 1486 τῶν
1480 1415 1554 1484 δὲ
1601 1417 1947 1484 ἑκκαίδεκα
1991 1417 2248 1485 τούτων
2295 1413 2488 1484 ὀκτω

415 1525 564 1612 μὲν
631 1527 701 1592 οἱ
760 1522 1012 1612 πρῶτοι
1078 1522 1208 1592 σὺν
1266 1527 1346 1611 τᾷ
1408 1521 1656 1609 μονάδι
1709 1527 1846 1592 τῶν
1899 1522 2183 1612 πρῶτων
2237 1528 2495 1590 καλου-

442 1633 666 1719 μένων
728 1633 897 1716 ἐντί,
956 1633 1027 1698 οἱ
1069 1630 1145 1698 δὲ
1189 1626 1349 1716 μετὰ
1393 1627 1674 1708 τούτους
1719 1627 1889 1697 ὀκτώ
1936 1633 2073 1697 τῶν
2121 1628 2493 1716 δευτέρων,
2575 1626 2582 1632 ’

440 1736 552 1805 καὶ
610 1734 645 1804 ὁ
705 1737 979 1824 ἔσχατός
1024 1738 1205 1804 ἐστιν
1252 1733 1477 1804 αὐτῶν
1523 1740 1732 1822 χιλίαι
1776 1735 2096 1824 μυριάδες
2143 1735 2494 1822 δευτέρων

339 1863 405 1915 15
443 1843 777 1934 ἀριθμῶν.
868 1841 1173 1932 φανερὸν
1229 1834 1387 1927 οὖν,
1446 1839 1548 1909 ὅτι
1601 1845 1723 1909 τοῦ
1769 1841 2048 1928 ψάμμου
2093 1840 2168 1909 τὸ
2215 1845 2496 1926 πλῆθος

440 1955 563 2018 τοῦ
622 1951 909 2036 μέγεθος
964 1954 1234 2036 ἔχοντος
1286 1956 1439 2015 ἴσον
1495 1950 1576 2037 τᾷ
1632 1952 1888 2037 σφαίρᾳ
1941 1952 2022 2037 τᾷ
2077 1947 2203 2016 τάν
2249 1946 2494 2033 διάμε-

441 2082 607 2144 τρον
663 2055 731 2144 ρ’
780 2055 1129 2124 δακτύλων
1177 2054 1422 2145 ἐχούσα
1467 2052 1742 2122 ἔλαττόν
1790 2056 1969 2122 ἐστιν
2015 2049 2057 2140 ἢ
2105 2059 2310 2140 χιλίαι
2355 2080 2495 2140 μυ-

362 2166 407 2229 4
442 2160 674 2250 ριάδες
708 2165 845 2229 τῶν
884 2164 1213 2251 δευτέρων
1252 2159 1585 2248 ἀριθμῶν.
1650 2162 1850 2228 πάλιν
1888 2160 1964 2229 δὲ
1999 2160 2112 2228 καὶ
2151 2157 2193 2228 ἃ
2224 2173 2495 2250 σφαῖρα

444 2264 487 2332 ἁ
533 2270 670 2334 τῶν
707 2273 968 2355 μυρίων
1007 2265 1353 2336 δακτύλων
1391 2271 1638 2353 ἔχουσα
1671 2265 1798 2335 τάν
1837 2265 2199 2355 διάμετρον
2237 2274 2494 2335 πολλα-

332 2382 406 2442 '20
443 2378 690 2440 πλασία
738 2373 918 2440 ἐστὶν
963 2377 1081 2453 τᾶς
1128 2371 1406 2460 ἐχούσας
1449 2371 1576 2440 τὰν
1624 2372 1983 2461 διάμετρον
2022 2372 2090 2461 ρ’
2131 2371 2494 2442 δακτύλων

443 2493 587 2560 ταῖς
642 2479 709 2569 ρ’
765 2479 1180 2569 μυριάδεσσι.
1272 2483 1335 2546 εἰ
1394 2470 1521 2546 οὖν
1576 2481 1837 2565 γένοιτο
1896 2480 1967 2547 ἐκ
2021 2481 2143 2546 τοῦ
2201 2477 2494 2565 ψάμμου

445 2599 700 2676 σφαῖρα
755 2584 1123 2654 ταλικαύτα-
1166 2583 1242 2653 τὸ
1302 2585 1620 2671 μέγεθος,
1675 2581 1872 2652 ἀλίκα
1917 2583 2097 2652 ἐστὶν
2144 2581 2186 2651 ἀ
2236 2589 2490 2671 ἔχουσα

444 2707 702 2782 σφαῖρα
754 2691 879 2760 τὰν
926 2690 1287 2780 διάμετρον
1333 2696 1596 2780 μυρίων
1643 2689 2023 2776 δακτύλων,
2086 2694 2330 2777 δῆλον,
2391 2689 2491 2772 ὥς

446 2797 749 2868 ἐλάσσων
815 2801 1098 2868 ἐσσείται
1163 2795 1199 2867 ὅ
1256 2801 1378 2866 τοί
1436 2796 1718 2884 ψάμμου
1773 2794 2066 2884 ἀριθμὸς
2121 2800 2242 2864 τοῦ
2298 2823 2490 2883 γενο-

340 2923 407 2973 25
445 2905 653 2990 μένου
706 2909 1457 2974 πολλαπλασιασθεισᾶν
1511 2907 1638 2972 τᾶν
1684 2906 1906 2990 χιλιᾶν
1953 2901 2308 2990 μυριάδων
2345 2907 2490 2972 τῶν

590 3139 639 3187 2.
678 3135 1010 3202 μυριαδεσιν
1036 3132 1273 3190 FVBD.
1387 3129 1546 3204 ἐπεί]
1577 3150 1670 3189 em
1697 3133 1768 3202 F;
1800 3149 1938 3189 corr.
1959 3132 2178 3187 Wallis.
2293 3127 2352 3187 δ’
2385 3131 2486 3206 αῖ]

401 3235 405 3242 s
448 3204 731 3268 Gertziu53
771 3205 832 3257 δε
874 3202 936 3270 F,
971 3203 1161 3285 uulgo.
1326 3211 1376 3258 4.
1415 3204 1510 3279 τᾷ]
1548 3223 1608 3259 τε
1645 3205 1716 3270 F3
1757 3221 1895 3259 corr.
1934 3203 2152 3259 wallis.
2308 3205 2487 3258 δεκα-

446 3275 721 3345 πλασίων]
790 3273 1013 3342 set-ipah
1086 3259 1487 3345 δεκαπλευρων
1541 3275 1610 3342 F,
1675 3276 1872 3345 uulgo;
1935 3275 2190 3330 defendit
2255 3273 2490 3330 Nizzius

446 3345 699 3415 (Quaest.
739 3346 905 3400 Arch.
942 3363 998 3414 p.
1038 3347 1193 3414 205);
1240 3347 1540 3401 δεκαπλῶν
1588 3345 1818 3414 Wallis,
1857 3317 2156 3402 'Torelliua
2341 3339 2486 3400 ἀνα-

445 3417 645 3500 λογίᾳ]
675 3419 887 3484 avalo?
937 3433 1063 3470 cum
1100 3433 1282 3503 comp.
1320 3436 1386 3471 ον
1423 3416 1490 3484 F,
1540 3434 1680 3474 corr.
1718 3417 1938 3472 Wallis.
2119 3424 2167 3472 6.
2206 3411 2486 3506 ἀριθμός]

446 3502 705 3613 {finssffm
714 3486 1181 3612 ε’ἑῖἴέαἷαεῗώἕο
1195 3481 1984 3628 θοῗὲεἷῖἔῃῗαὼῖῗωῗὲε
1986 3560 2055 3624 F,
2103 3483 2492 3628 ηῃῗὲέἴίὲοῐῖ
