2659 3967
685 175 781 230 DE
820 174 1231 230 PLANORUM
1266 175 1760 240 AEQUILIBRIIS
1799 175 1865 231 ΙΙ.
2165 175 2298 242 193

1228 355 1314 420 H.

396 479 466 545 Si
524 483 859 563 segmento
916 478 1382 563 comprehenso
1440 479 1612 543 linea
1666 483 1847 543 recta
1878 483 1958 543 'et
2005 481 2294 546 sectione

249 588 412 652 coni
475 587 839 671 rectanguli
902 587 1267 670 triangulus
1322 586 1702 650 inscribitur
1757 585 2026 650 eandem
2082 587 2297 652 basim

254 693 531 773 habenS,
578 715 772 776 quam
810 697 1239 777 segmentum,
1278 695 1346 756 et
1383 692 1794 757 altitudinem
1833 695 2185 777 aequalem,
2232 696 2298 756 et

254 820 486 864 rursus
528 800 880 882 segmentis
917 800 1185 883 reliquis
1222 799 1540 883 trianguli
1567 799 2009 864 inscribuntur
2037 799 2298 864 easdem

256 905 454 970 bases
484 905 821 988 habenteS,
850 927 1011 988 quas
1034 909 1391 990 segmenta,
1422 909 1488 968 et
1507 906 1922 971 altitudinem
1943 906 2298 990 aequalem,

253 1015 329 1075 et
359 1033 614 1096 semper
642 1011 943 1099 deinceps
975 1013 1333 1098 segmentis
1354 1012 1620 1096 reliquis
1642 1012 1868 1076 eodem
1887 1012 2079 1079 modo
2100 1013 2298 1077 trian-

258 1117 402 1202 guli
447 1117 906 1202 inscribuntur,
950 1119 1161 1204 figura
1204 1119 1354 1184 inde
1402 1124 1548 1184 orta
1591 1119 1906 1204 proprie
1956 1123 2294 1202 segmento

262 1223 537 1287 inscribi
574 1224 844 1290 dicatur.
910 1225 1181 1309 adparet
1220 1229 1457 1309 autem,
1503 1227 1572 1289 in
1609 1226 1820 1311 figura
1855 1226 1952 1290 ita
1986 1226 2302 1309 inscripta

262 1330 470 1394 lineas
518 1331 797 1413 angulos
845 1331 1186 1414 iungentes
1234 1334 1301 1394 et
1337 1331 1569 1396 uertici
1607 1331 1930 1416 segmenti
1966 1335 2298 1415 proximos

262 1439 334 1498 et
391 1439 638 1500 ceteros
685 1437 829 1500 basi
876 1436 1224 1520 parallelas
1270 1436 1438 1520 fore,
1495 1442 1562 1501 et
1608 1435 1925 1502 diametro
1973 1437 2299 1521 segmenti

262 1542 337 1605 in
380 1545 603 1624 partes
651 1543 955 1626 aequales
1003 1543 1283 1607 diuisum
1331 1543 1442 1626 iri,
1497 1546 1563 1606 et
1608 1543 1996 1607 diametrum
2042 1543 2112 1607 in
2155 1565 2300 1626 pro-

262 1646 678 1731 portionibus
733 1669 1151 1715 numerorum
1204 1647 1555 1733 imparium
1611 1647 1838 1713 ordine
1894 1651 2301 1733 sequentium

265 1752 593 1817 diuisuras
650 1775 817 1838 esse,
877 1755 1107 1820 unario
1164 1775 1434 1818 numero
1493 1753 1575 1816 ad
1620 1755 1932 1818 uerticem
1979 1755 2301 1839 segmenti

266 1862 628 1923 numerato.
699 1859 860 1923 haec
900 1864 1119 1924 autem
1158 1860 1291 1924 suis
1326 1860 1490 1924 locis
1530 1858 2036 1924 demonstranda
2074 1859 2301 1946 sunt.¹)

406 1981 535 2064 Sin·
569 1987 905 2066 segmento
953 1983 1418 2066 comprehenso
1463 1983 1636 2048 linea
1680 1988 1858 2048 recta
1905 1989 1971 2049 et
2017 1985 2303 2050 sectione

266 2089 419 2154 coni
482 2089 848 2172 rectanguli
912 2088 1126 2172 figura
1191 2089 1530 2154 rectilinea
1592 2091 1853 2174 proprie
1907 2087 2302 2175 inscribitur,

268 2195 572 2280 [figurae]
648 2194 1000 2279 inscriptae
1076 2199 1368 2260 centrum
1436 2195 1783 2280 grauitatis
1848 2196 1918 2259 in
1983 2196 2302 2262 diametro

271 2302 597 2386 segmenti
640 2301 930 2386 positum
977 2301 1118 2366 erit.
1222 2337 1239 2342 -
1337 2370 1356 2392 .

409 2425 495 2488 sit
540 2427 746 2490 ΑΒΓ
784 2430 1218 2511 segmentum,
1266 2426 1457 2510 quale
1505 2401 1812 2505 diximus,
1860 2430 1924 2490 et
1971 2428 2030 2490 ei
2077 2427 2306 2492 inscri-
2371 2479 2378 2484 .

267 2531 469 2595 batur
524 2531 785 2617 proprie
839 2531 1052 2616 figura
1105 2532 1440 2596 rectilinea
1485 2537 1552 2612 A
1561 2535 1952 2597 ΕΖΗΒΘΙ
1956 2535 2107 2597 ΚΓ.
2196 2533 2304 2602 de-

274 2638 785 2721 monstrandum,
824 2641 1118 2702 centrum
1155 2637 1506 2722 grauitatis
1543 2638 1792 2722 figurae
1828 2638 2202 2702 rectilineae
2231 2639 2306 2702 in

272 2742 447 2807 linea
494 2748 629 2808 BA
673 2744 962 2828 positum
1011 2739 1230 2828 esse.²)

344 3025 351 3030 -
422 2991 475 3058 1)
514 2990 577 3044 U.
618 2988 911 3058 Eutocius,
958 3006 1026 3044 ex
1072 2990 1229 3044 cuius
1274 2992 1410 3045 nota
1455 2989 1716 3058 adparet,
1762 2987 1904 3042 haec
1942 2987 2130 3044 omnia
2165 2989 2225 3042 in
2261 2989 2305 3043 F

276 3061 434 3115 recte
470 3078 597 3115 cum
634 3078 793 3131 prop.
833 3068 884 3131 2,
918 3078 1033 3114 non
1070 3078 1198 3114 cum
1234 3078 1392 3131 prop.
1437 3067 1467 3114 1
1507 3058 1788 3128 coniungi.

422 3151 476 3219 2)
513 3148 757 3204 Auditur
789 3148 981 3219 igitur,
1018 3149 1229 3204 lineam
1266 3153 1374 3203 ΒΔ
1411 3149 1749 3203 diametrum
1786 3163 1922 3203 esse.

276 3376 367 3450 τό]
408 3380 621 3449 addidi;
672 3397 781 3434 om.
818 3380 889 3447 F,
936 3380 1127 3450 uulgo,
1308 3387 1393 3435 21.
1435 3399 1646 3436 εσειται
1682 3380 1744 3434 F.
1922 3387 2009 3435 23.
2048 3379 2116 3450 A]
2158 3385 2209 3432 Δ
2245 3379 2305 3434 F.

278 3455 365 3504 24.
406 3454 551 3505 Ante
608 3449 865 3506 δεικτέον
911 3451 973 3505 in
1017 3451 1103 3508 ed.
1142 3450 1313 3505 Basil.
1364 3455 1438 3516 (et
1483 3451 1636 3522 apud
1673 3449 2002 3519 Torellium)
2053 3449 2309 3506 additur:

276 3519 582 3591 διάμετρος
618 3519 683 3576 δὲ
721 3523 823 3576 τοῦ
859 3518 1148 3592 τμάματος
1187 3519 1325 3577 ἔστω
1364 3517 1403 3576 ἆ
1446 3527 1568 3578 ΒΔ.

383 3620 705 3672 Archimedes,
731 3621 800 3661 ed.
826 3619 1045 3670 Heiberg.
1088 3621 1153 3662 11.
1925 3616 1990 3664 13
2013 3595 2018 3600 ⁸
