2659 3967
678 207 1215 337 ‘QUADRATURA
1251 207 1712 264 PARABOLAE.
2091 207 2220 273 307

188 345 509 421 dimidiae
534 355 742 419 librae
780 354 1065 438 aequale.
1132 353 1566 437 suspendatur
1605 356 1822 418 autem
1850 353 2224 439 triangulus

190 484 269 527 ex
322 463 584 547 punctis
629 467 716 546 Β,
760 464 836 546 Γ,
890 464 958 526 et
1011 460 1081 524 in
1128 459 1333 524 altera
1379 463 1566 543 parte
1609 460 1814 524 librae
1862 459 2035 526 aliud
2082 482 2227 544 spa-

186 571 356 634 tium
393 573 448 633 Z
496 592 573 634 ex
618 570 859 653 puncto
898 572 963 632 A
1011 566 1462 650 suspendatur,
1507 569 1574 631 et
1621 567 1906 650 spatium
1945 571 2000 630 Z
2044 560 2124 630 ex
2160 573 2225 630 A

190 657 579 760 suspensum
646 696 791 739 cum
854 673 1184 757 triangulo
1229 675 1370 735 BA
1381 674 1444 735 Γ
1489 672 1584 736 ita
1636 670 1710 736 vse
1763 673 2063 757 habenti,
2123 675 2225 737 uti

186 801 365 844 nunc
408 779 664 864 positus
712 782 839 863 est,
886 777 1438 862 aequilibritatem
1487 781 1720 842 seruet.
1811 779 1951 843 dico
1998 778 2227 865 igitur,

188 886 480 970 spatium
526 889 581 950 Z
628 885 895 951 tertiam
939 889 1197 968 partem
1243 905 1384 948 esse
1427 884 1744 968 trianguli
1788 889 1927 949 ΒΔ
1937 887 2008 950 Γ.

322 1013 477 1058 nam
532 992 841 1076 quoniam
895 991 1305 1075 suppositum
1351 994 1453 1058 est
1497 991 1736 1055 libram
1783 991 2224 1076 aequilibrita-

188 1103 328 1163 tem
358 1119 637 1181 seruare,
673 1098 846 1163 linea
872 1100 1014 1163 ΑΓ
1031 1096 1360 1163 horizonti
1387 1097 1708 1182 parallela
1737 1099 1880 1183 erit,
1917 1102 1983 1163 et
2009 1098 2224 1164 lineae

190 1205 274 1270 ad
321 1208 459 1270 ΑΓ
504 1204 1069 1290 perpendiculares
1125 1204 1197 1269 in
1252 1204 1450 1288 plano
1499 1204 1582 1268 ad
1626 1203 2034 1270 horizontem
2078 1228 2223 1290 per-

186 1312 590 1396 pendiculari
673 1311 933 1396 ductae,
1014 1311 1096 1376 ad
1175 1309 1583 1376 horizontem
1654 1312 2222 1396 perpendiculares

194 1415 469 1502 erunt.¹)
544 1420 798 1481 secetur
842 1417 1047 1502 igitur
1092 1416 1269 1481 linea
1314 1419 1448 1480 ΒΓ
1485 1417 1554 1481 in
1601 1421 1844 1500 puncto
1885 1423 1949 1482 E
1989 1419 2102 1503 ita,
2146 1423 2224 1482 ut

187 1524 279 1588 sit
313 1526 446 1588 ΓΕ
471 1553 555 1577 --
584 1524 627 1588 2
639 1527 789 1606 ΕΒ,
836 1526 902 1586 et
951 1522 1225 1586 ducatur
1266 1522 1441 1586 linea
1477 1525 1619 1586 ΚΕ
1658 1523 1866 1588 lineae
1905 1529 2037 1616 ΑΒ
2075 1547 2220 1609 par-

188 1631 411 1714 allela‚
468 1633 538 1694 et
586 1630 657 1694 in
713 1633 962 1714 puncto
1004 1632 1063 1692 Θ
1106 1627 1175 1692 in
1223 1627 1384 1693 duas
1432 1631 1656 1712 partes
1704 1631 2006 1713 aequales
2054 1651 2223 1695 sece-

184 1742 315 1802 tur.
387 1737 609 1820 itaque
656 1739 973 1819 punctum
1018 1737 1077 1798 Θ
1121 1733 1442 1818 trianguli
1487 1737 1624 1796 ΒΔ
1632 1736 1697 1798 Γ
1735 1738 2028 1799 centrum
2073 1757 2222 1822 gra-

182 1841 415 1908 uitatis
476 1845 594 1906 est.
694 1843 819 1908 hoc
880 1841 1054 1906 enim
1114 1841 1183 1905 in
1244 1839 1639 1905 mechanicis
1701 1840 2220 1907 demonstratum

184 1952 291 2014 est
335 1949 614 2030 [ἐπιπεδ.
662 1948 876 2031 loono.
910 1946 965 2031 Ι,
1008 1944 1192 2033 14].8)
1264 1948 1401 2013 iam
1448 1947 1505 2012 si
1548 1947 1867 2033 trianguli
1903 1952 2113 2014 ΒΔΓ
2143 1971 2224 2014 ex

179 2055 445 2140 punctis
473 2059 551 2139 B,
575 2057 640 2119 Γ
679 2053 1097 2138 suspendium
1136 2053 1432 2136 soluitur,
1478 2056 1543 2118 et
1579 2074 1658 2118 ex
1687 2057 1751 2116 E
1785 2053 2221 2140 suspenditur,

178 2161 551 2248 triangulus
596 2163 845 2243 manet,
888 2162 965 2224 ut
1008 2181 1180 2224 nunc
1228 2181 1296 2224 se
1343 2159 1560 2224 habet.
1632 2181 1785 2224 nam
1825 2161 2046 2225 omnia
2083 2183 2214 2226 sus-

179 2290 415 2353 pensa,
460 2268 529 2332 in
576 2287 956 2352 quocunque
1002 2269 1243 2351 puncto
1289 2266 1511 2352 posita
1559 2270 1741 2350 sunt,
1793 2267 1888 2331 ita
1933 2271 2219 2353 manent,

178 2378 259 2440 ut
314 2376 629 2458 punctum
686 2373 1021 2457 suspendii
1065 2376 1132 2437 et
1178 2375 1472 2437 centrum
1518 2373 1868 2458 grauitatis
1917 2374 2219 2457 suspensi

178 2483 253 2547 in
311 2477 827 2566 perpendiculari
886 2478 1107 2562 posita
1166 2479 1315 2544 sint.
1408 2500 1562 2543 nam
1619 2480 1743 2544 hoc
1803 2500 2056 2564 quoque
2113 2480 2223 2544 de-

180 2590 621 2652 monstratum
680 2589 797 2651 est.
808 2581 865 2671 ³)
966 2585 1272 2670 quoniam
1331 2587 1536 2671 igItur
1593 2585 1963 2670 triangulus
2023 2590 2221 2652 ΒΓΔ

330 2761 381 2829 1)
418 2760 567 2814 Nam
600 2759 752 2814 linea
779 2764 890 2813 ΑΓ
921 2759 976 2814 ei
1010 2759 1211 2828 lineae,
1247 2759 1309 2813 in
1347 2776 1461 2828 qua
1485 2759 1720 2828 planum
1747 2758 2217 2830 perpendiculare

176 2830 531 2886 horizontem
575 2833 754 2898 secat,
798 2831 1076 2900 parallela
1120 2830 1228 2885 erit
1273 2831 1453 2912 (Eucl.
1491 2829 1596 2895 XI,
1635 2832 1754 2899 16);
1811 2846 1985 2896 quare
2029 2831 2215 2886 lineae

180 2902 254 2956 ad
293 2905 338 2954 Α
352 2903 405 2955 Γ
474 2900 926 2970 erpendiculares
964 2900 1138 2956 etiam
1168 2901 1239 2955 ad
1275 2899 1436 2954 illam
1472 2899 1685 2956 lineam
1720 2900 2214 2970 perpendiculares

182 2975 350 3028 erunt
386 2919 565 3041 (1311101.
603 2971 645 3039 1,
684 2975 794 3038 29).
865 2973 988 3024 tum
1026 2988 1077 3024 u.
1116 2970 1271 3026 Eucl.
1310 2971 1390 3024 XI
1426 2971 1536 3026 def.
1575 2977 1625 3028 4.

328 3046 383 3109 2)
421 3043 531 3098 Cfr.
572 3041 843 3096 zeitschr.
881 3041 919 3096 f.
958 3040 1164 3108 Math„
1200 3041 1335 3095 hist.
1373 3041 1544 3098 Abth.
1583 3041 1768 3097 XXIV
1802 3059 1858 3112 p.
1902 3047 2002 3098 179
2041 3061 2120 3097 nr.
2162 3051 2212 3100 6.

324 3115 380 3183 3)
420 3112 550 3168 Sine
589 3112 761 3167 dubio
798 3111 857 3165 in
892 3110 1039 3165 libro
1074 3110 1203 3181 περὶ
1244 3113 1450 3181 §oraim
1491 3113 1716 3178 Quaest.
1753 3114 1920 3170 Arch.
1958 3133 2013 3185 p.
2052 3121 2138 3170 32.

178 3273 392 3344 rellius,
427 3275 495 3328 ut
528 3273 625 3328 lin.
667 3278 751 3328 18.
875 3278 957 3329 19.
998 3273 1209 3342 βαρους
1243 3272 1304 3343 F,
1341 3272 1533 3344 uulgO,
1571 3276 1645 3329 ut·
1669 3273 1768 3330 lin.
1807 3279 1895 3329 25.
2019 3280 2104 3330 21.
2144 3270 2210 3345 ἆ]

181 3363 213 3397 o
250 3344 319 3412 F3
358 3361 496 3400 corr.
536 3344 831 3400 Torellius.
974 3343 1151 3416 λυθῇ]
1192 3345 1417 3414 scripsi3
1453 3348 1657 3414 λυθειη
1694 3345 1758 3413 F,
1793 3345 1983 3414 uulgo.
2123 3351 2210 3400 22.

178 3433 475 3482 τριγωνιον
512 3417 583 3482 F3
623 3433 764 3472 corr.
801 3415 869 3470 A.
1014 3420 1102 3470 23.
1142 3433 1375 3486 σημειου
1413 3416 1484 3483 Γς
1522 3433 1662 3472 corr.
1700 3415 1989 3470 Toranius·
2134 3436 2211 3470 κα

180 3487 542 3612 καταέταθςξ]
580 3486 801 3557 scripsi3
838 3489 1205 3543 κατασταθεν
1242 3487 1304 3557 F,
1341 3487 1530 3556 uulgo,
1688 3493 1774 3541 26.
1812 3481 1945 3557 γάρ]
1985 3486 2211 3557 scripsi3

180 3575 283 3610 ουν
367 3598 381 3626 ,
417 3575 491 3612 uu
516 3572 607 3626 g0.

1777 3645 1887 3701 20*
