2659 3967
406 198 541 265 364
727 198 827 255 DE
864 200 974 268 IIS,
1015 196 1212 266 QUAE
1251 200 1332 255 IN
1368 198 1661 255 HUMIDO
1698 198 2123 255 UEHUNTUR.

405 345 475 409 in
532 346 747 429 prima
799 344 1140 430 pyramide
1197 345 1318 411 sub
1375 344 1745 431 superficie,
1810 346 1881 411 in
1936 368 2067 431 qua
2118 348 2222 410 est
2277 366 2444 431 quae

404 450 566 533 XO,
623 456 692 519 et
745 473 910 537 quae
965 453 1036 517 in
1091 452 1324 535 altera,
1380 451 1451 517 in
1509 474 1639 538 qua
1686 474 1851 537 quae
1898 450 2185 538 P0‚·ex
2230 474 2445 537 aequo

405 562 560 623 sunt
617 560 874 644 positae
929 562 997 623 et
1049 560 1416 625 continuae.
1509 559 1813 625 similiter
1858 564 2078 647 autem
2120 581 2277 625 non,
2299 580 2447 642 pre-

402 668 687 731 muntur.
780 686 948 750 quae
996 665 1257 750 quidem
1303 666 1505 733 etiam
1553 666 1907 733 seeundum
1941 665 2079 733 XO
2119 666 2449 751 premitur

336 789 368 839 5
412 794 451 839 a
489 772 700 838 solido
734 772 882 837 ΤΗ
881 772 1020 837 ΕΖ
1049 776 1115 837 et
1148 772 1415 839 humido
1452 772 1839 839 intermedio
1876 773 2237 859 superficie,
2276 794 2447 857 quae

295 1322 364 1372 10

301 1854 371 1904 15

302 2388 374 2438 20

402 877 754 945 seeundum
819 878 982 964 XO,
1043 860 1220 964 EM,
1283 884 1355 945 et
1414 878 1759 963 planorum
1823 880 2209 966 pyramidi-3
2276 901 2445 965 quae

404 988 624 1050 autem
671 985 1022 1051 seeundum
1066 984 1198 1051 Po
1241 985 1450 1051 solido
1496 982 1699 1051 RSE
1712 984 1779 1051 Y
1811 990 1880 1051 et
1922 985 2192 1053 humido
2238 988 2445 1053 inter-

403 1091 618 1156 medio
659 1092 1164 1177 superficierum,
1209 1113 1376 1178 quae
1415 1091 1767 1159 seeundum
1805 1091 1949 1178 ΡΟ,
1982 1092 2159 1177 MN,
2204 1096 2274 1158 et
2307 1093 2447 1177 pla-

404 1217 640 1262 norum
686 1196 1068 1283 pyramidis.
1139 1198 1355 1265 minor
1401 1201 1619 1263 autem
1664 1198 1792 1263 erit
1835 1198 2128 1284 grauitas
2173 1197 2447 1282 humidi,

406 1303 581 1388 quod
617 1303 969 1369 seeundum
995 1304 1173 1390 MN,
1203 1304 1344 1391 ΟΡ,
1382 1327 1477 1391 e0,
1514 1304 1690 1391 quod
1717 1305 2068 1371 seeundum
2096 1303 2264 1389 LM,
2290 1303 2446 1371 XO.

406 1411 580 1496 quod
617 1412 793 1476 enim
821 1412 1171 1477 seeundum
1195 1410 1482 1497 RSEY,
1521 1416 1623 1478 est
1657 1411 1873 1476 minus
1904 1411 2114 1477 solido
2143 1410 2368 1478 ΕΖΗ
2372 1411 2447 1475 Τ·

403 1518 610 1603 ipsius
659 1519 832 1583 enim
879 1519 967 1603 ei,
1023 1518 1196 1604 quod
1244 1518 1598 1584 seeundum
1641 1518 1960 1604 HBGQ
2007 1523 2109 1584 est
2152 1518 2449 1603 aequale,

407 1626 564 1711 quia
618 1626 1074 1711 magnitudine
1130 1626 1404 1710 aequale
1449 1628 1517 1690 et
1560 1646 1763 1710 aeque
1810 1646 2009 1711 graue
2054 1625 2445 1711 supponitur

407 1732 688 1797 solidum
733 1754 881 1798 eum
916 1731 1205 1798 humido.
1267 1731 1593 1817 reliquum
1628 1736 1850 1797 autem
1883 1731 2137 1816 reliquo
2174 1730 2445 1816 aequale

410 1843 526 1905 est.
617 1839 844 1925 palam
887 1839 1094 1925 igitur
1102 1889 1121 1923 ‚
1177 1837 1330 1923 quia
1375 1836 1734 1923 expelletur
1778 1859 1929 1922 pars
1938 1888 1956 1922 ,
2004 1858 2171 1921 quae
2216 1858 2443 1903 seeun-

409 1946 564 2012 dum
609 1946 984 2030 periferiam
1024 1943 1162 2029 ΟΡ,
1208 1945 1292 2010 ab
1329 1948 1425 2028 ea,
1469 1966 1636 2030 quae
1676 1943 2026 2011 seeundum
2066 1944 2445 2031 periferiam

411 2051 568 2137 Ox,
627 2056 694 2117 et
753 2073 889 2117 non
947 2052 1073 2117 erit
1123 2052 1462 2117 humidum
1518 2072 1652 2117 non
1702 2054 1957 2117 motum
2005 2051 2304 2136 [hypoth.
2354 2053 2444 2132 1].

410 2158 802 2243 supponitur
848 2160 1068 2223 autem
1113 2178 1244 2224 non
1290 2161 1544 2223 motum
1592 2158 1895 2223 existens.
1962 2178 2099 2223 non
2144 2178 2303 2244 ergo
2340 2161 2445 2223 ex'-

409 2261 597 2329 cedet
642 2263 1044 2347 superficiem
1090 2262 1343 2329 humidi
1386 2263 1633 2350 aliquid
1670 2264 1919 2330 solidae
1953 2264 2445 2349 magnitudinis,

411 2370 776 2435 demersum
823 2372 1044 2434 autem
1091 2369 1371 2435 solidum
1416 2392 1553 2436 non
1597 2370 1806 2437 fertur
1841 2372 1925 2437 ad
1960 2372 2287 2437 inferiora.
2358 2373 2444 2436 si-

407 2475 653 2541 militer
687 2476 863 2541 enim
900 2480 1278 2561 prementur
1315 2499 1541 2543 omnes
1576 2480 1797 2562 partes
1834 2477 2084 2543 humidi
2122 2500 2199 2543 ex
2236 2499 2445 2562 aequo

405 2583 683 2669 positae,
727 2584 884 2669 quia
929 2582 1212 2650 solidum
1259 2588 1362 2649 est
1406 2606 1609 2669 aeque
1654 2604 1872 2671 graue.

552 2802 604 2852 2.
643 2795 848 2865 aequo]
887 2796 1074 2864 „qno“
1111 2794 1394 2850 Tartalea.
1514 2800 1574 2877 3..
1606 2794 2124 2877 ‚‚non*eontinuae“
2160 2794 2443 2849 Tartalea.

405 2867 547 2939 non]
587 2883 694 2923 om.
735 2866 1016 2921 Tartalea.
1139 2872 1189 2921 4.
1230 2866 1433 2937 et1am]
1470 2866 1633 2921 senb.
1673 2883 1837 2921 emm.
1948 2870 1997 2921 5.
2039 2866 2271 2935 „ther“
2308 2866 2443 2921 Tar-

407 2938 578 2994 talea.
704 2936 1019 3009 superficie]
1057 2931 1122 2991 τὸ
1161 2931 1375 3007 μεταξὺ
1413 2936 1526 2991 τῶν
1564 2931 1920 3006 ἐπιφανειῶν
1955 2935 2055 2991 καὶ
2083 2978 2096 2992 .
2129 2978 2141 2991 .
2170 2937 2286 2991 τῶν
2324 2932 2442 2991 ἔπι·

406 3008 630 3074 nidmu
677 3007 774 3061 cfr.
821 3006 915 3062 lin.
957 3013 1011 3063 8.
1176 3014 1224 3064 ’1.
1263 3009 1416 3077 „rso
1470 3010 1503 3038 ‘⁴
1539 3006 1831 3078 Tartaleffi
1865 3010 1933 3063 ut
1966 3007 2064 3063 lin.
2104 3012 2188 3063 11.
2358 3013 2443 3062 11.

407 3076 584 3149 enim]
626 3095 706 3131 -n·
741 3078 1025 3135 Tartalea.
1130 3085 1214 3135 14.
1246 3025 1509 3151 aequafe]
1538 3079 1759 3150 scripsi3
1787 3078 2154 3148 ‚juaequale“
2181 3077 2449 3135 Tar-talea

409 3152 469 3205 et
504 3148 715 3203 Comm.
900 3154 984 3203 15.
1024 3149 1158 3217 quia
1231 3147 1396 3205 διότι.
1568 3156 1653 3207 21.
1693 3150 1902 3221 aequo]
1940 3152 2124 3220 ,‚quo“
2162 3150 2446 3205 Tartalea.

409 3226 495 3276 22.
536 3235 744 3291 „graue
783 3220 952 3289 atque
988 3220 1147 3275 humi
1185 3224 1318 3276 um“
1357 3221 1567 3278 Comm.
