2659 3967
419 190 553 256 334
874 188 1490 243 TETPArszmuoz
1527 189 1995 242 ΠΑΡΑΒΟΑΗΣ.
2070 170 2075 175 ’

416 340 750 425 τρίγωνον
795 334 907 401 καὶ
949 332 1030 401 τὸ
1075 338 1277 401 ΒΘΓ
1311 336 1537 419 τμᾶμα
1579 336 1717 401 τῶν
1758 333 2269 423 τετραπλεύρων
2312 338 2455 403 τῶν

419 449 598 529 ΕΜ,
651 449 814 528 ΦΝ,
861 443 1024 527 ΞΨ,
1071 448 1220 509 ΠΤ
1253 440 1369 507 καὶ
1412 444 1535 509 τοῦ
1582 446 1797 508 ΓΠΣ
1836 440 2188 530 τριγώνου.
2280 439 2453 509 ὥστε

417 553 654 618 κοινοῦ
692 548 1183 638 ἀφαιρεθέντος
1217 552 1342 619 τοῦ
1379 546 1715 634 τμᾶματος
1750 552 2037 617 ἔλασσον
2076 555 2177 634 εἴη
2213 574 2303 615 κα
2336 548 2453 614 καὶ

415 656 492 724 τὸ
534 661 732 722 ΓΒΕ
771 660 1106 745 τρίγωνον
1142 657 1280 723 τῶν
1317 656 1884 743 περιλειπομένων
1921 659 2213 743 χωρίων·
2282 651 2451 743 ὅπερ

347 776 379 825 5
418 762 600 830 ἐστὶν
647 759 1008 830 ἀδύνατον.
1093 764 1364 848 ἐδείχθη
1412 757 1540 849 γὰρ
1590 768 1741 828 ἴσον
1789 758 1903 829 ἐὸν
1948 759 2024 829 τὸ
2071 767 2276 829 ΒΕΓ
2311 765 2451 848 τρί-

413 896 642 955 γωνον
696 881 836 948 τοῖς
888 874 1258 958 τραπεζίοις
1310 880 1449 949 τοϊς
1498 875 1676 952 ΕΜ,
1737 875 1902 954 ΦΛ,
1959 874 2107 955 ΘΡ,
2154 874 2283 935 ΘΟ
2335 866 2449 933 καὶ

412 980 505 1066 τῷ
535 980 744 1042 ΓΟΣ
781 975 1110 1065 τριγώνῳ,
1157 972 1202 1042 ἅ
1240 976 1377 1041 ἐντι
1415 980 1681 1061 μείζονα
1718 977 1854 1043 τῶν
1882 974 2448 1064 περιλειπομένων

414 1084 700 1169 χωρίων.
767 1078 891 1148 οὐκ
937 1078 1068 1169 ἄρα
1116 1084 1403 1148 ἔλασσον
1447 1078 1523 1148 τὸ
1561 1085 1764 1148 ΒΘΓ
1798 1084 2023 1167 τμᾶμα
2067 1082 2191 1147 τοῦ
2230 1086 2288 1146 Ζ
2324 1102 2448 1165 χω-

417 1192 598 1271 ρίου·
663 1188 936 1274 ἐδείχθη
976 1186 1072 1272 δέ,
1114 1184 1216 1254 ὅτι
1256 1185 1420 1255 οὐδὲ
1457 1193 1699 1274 μεῖζον.
1766 1194 1917 1254 ἴσον
1956 1184 2087 1275 ἄρα
2113 1183 2188 1253 τὸ
2219 1188 2450 1272 τμᾶμα

310 1306 376 1355 10
413 1296 506 1383 τῷ
555 1298 609 1357 Ζ
654 1298 895 1384 χωρίῳ.

1376 1471 1480 1553 ιζ’.

551 1592 812 1662 Τούτου
849 1596 1282 1682 δεδειγμένου
1319 1596 1645 1685 φανερόν,
1693 1594 1796 1666 ὅτι
1834 1601 1971 1664 πᾶν
2007 1600 2231 1682 τμᾶμα
2266 1619 2445 1684 περι-

410 1697 733 1785 εχόμενον
788 1697 922 1769 ὑπὸ
981 1699 1254 1781 εὐθείας
1304 1728 1377 1770 τε
1431 1703 1544 1769 καὶ
1592 1702 2024 1790 ὀρθογωνίου
2065 1700 2294 1770 κώνου
2336 1728 2447 1770 το-

414 1851 494 1907 B
721 1850 823 1909 E
1031 1854 1122 1911 1⁷
1158 1811 1287 1894 μᾶς
1343 1807 1677 1896 έπίτριτόν
1738 1810 1876 1876 ἐστι
1928 1811 2053 1876 τοῦ
2106 1806 2447 1894 τριγώνου

1156 1919 1278 1983 τοῦ
1337 1920 1605 2001 ἔχοντος
1650 1914 1853 2000 βάσιν
1908 1912 2034 1981 τὰν
2090 1912 2305 1983 αὐτὰν
2348 1917 2443 2007 τῷ

1028 2043 1033 2052 ’
1154 2019 1445 2108 τμάματι
1490 2020 1603 2087 καὶ
1647 2018 1823 2103 ὕψος
1869 2027 2039 2089 ἴσον.

1289 2132 1456 2197 ἔστω
1510 2125 1641 2216 γὰρ
1693 2131 1921 2214 τμᾶμα
1963 2125 2445 2215 περιεχόμενον

1152 2230 1287 2301 ὑπὸ
1365 2231 1637 2314 εὐθείας
1697 2260 1769 2302 τε
1830 2234 1943 2301 καὶ
2008 2231 2442 2318 ὀρθογωνίου

1152 2338 1381 2407 κώνου
1441 2344 1682 2426 τομᾶς,
1753 2338 2021 2430 κορυφαὶ
2088 2338 2163 2410 δὲ
2227 2333 2445 2408 αὐτοῦ

1155 2448 1320 2513 ἔστω
1395 2443 1471 2513 τὸ
1547 2452 1607 2513 Θ
1677 2460 1970 2534 σαμεϊον.
2074 2450 2186 2516 καὶ
2261 2452 2441 2537 ἐγγε-

1151 2550 1445 2638 γράφθω
1476 2556 1571 2631 εἰς
1599 2550 1761 2621 αὐτὸ
1790 2560 2122 2642 τρίγωνον
2149 2554 2225 2623 τὸ
2248 2562 2454 2624 ΒΘΓ

1150 2655 1275 2726 τάν
1323 2656 1538 2725 αὐτὰν
1586 2658 1789 2744 βάσιν
1828 2666 1983 2748 ἔχον
2019 2666 2111 2753 τῷ
2148 2660 2443 2749 τμοῖματι

1150 2764 1263 2831 καὶ
1299 2763 1475 2845 ὕψος
1512 2771 1680 2833 ἴσον.
1756 2766 1896 2833 ἐπεὶ
1941 2758 2069 2835 οὖν
2113 2766 2189 2838 τὸ
2228 2776 2285 2837 Θ
2321 2786 2443 2835 σα-

1152 2883 1345 2956 μεῖον
1390 2870 1662 2959 κορυφαί
1722 2874 1860 2940 ἐστι
1906 2878 2031 2941 τοῦ
2077 2874 2439 2963 τμάματος,

1151 2972 1193 3043 ἆ
1233 2974 1366 3045 ἀπὸ
1402 2981 1526 3045 τοῦ
1555 2984 1613 3045 Θ
1650 2976 1886 3047 εὐθεῖα
1922 2978 2101 3069 παρὰ
2139 2978 2262 3049 τὰν
2290 2980 2443 3049 ‹5002-

1148 3106 1393 3171 μετρον
1418 3080 1705 3169 ἀχθεῖσα
1730 3088 1882 3172 δίχα
1900 3086 2123 3173 τέμνει
2142 3084 2268 3155 τάν
2285 3094 2344 3154 Β
2357 3094 2441 3172 Γ,

1146 3187 1259 3255 καὶ
1305 3184 1348 3253 ἆ
1378 3195 1513 3256 ΒΓ
1542 3191 1678 3258 ἐστι
1714 3189 1895 3278 παρὰ
1919 3190 2047 3260 τάν
2076 3191 2444 3274 έπιψαύου·

546 3400 594 3450 1.
633 3413 822 3477 τμημα
857 3394 928 3463 F;
968 3412 1108 3453 corr.
1146 3398 1441 3473 Tol-efflue,
1477 3404 1545 3456 ut
1577 3402 1675 3457 h‘n.
1706 3410 1756 3473 3,
1794 3409 1844 3473 8,
1882 3410 1933 3474 9,
1974 3410 2057 3473 12,
2099 3408 2182 3469 16,
2224 3408 2308 3470 17,
2347 3408 2439 3459 22.

400 3468 451 3518 8.
490 3466 588 3536 κα]
627 3464 852 3548 add3d13
889 3483 998 3524 om.
1037 3468 1101 3539 F,
1139 3470 1328 3541 uulgo.
1478 3479 1562 3527 13.
1602 3494 1772 3546 τομης
1807 3473 1866 3533 F.
2016 3481 2099 3531 1⁷.
2136 3475 2331 3545 τμᾶμα
2367 3470 2439 3529 τὸ

399 3537 573 3591 Bor
603 3538 840 3592 Nizzms.
984 3544 1070 3595 27.
1108 3540 1240 3614 καί]
1283 3537 1416 3597 ἐπεί
1445 3541 1681 3601 Nizzius.
