2659 3967
821 186 1326 253 QUADRATURA
1361 187 1820 246 PARABOLAE.
2211 189 2339 255 341

1257 350 1395 417 XX.

443 474 514 541 Si
561 479 895 561 segmento
933 476 1106 541 linea
1140 479 1321 541 recta
1360 478 1425 540 et
1462 476 1611 541 coni
1647 476 2019 561 rectanguli
2058 478 2343 542 sectione

306 582 776 666 comprehenso
821 582 1192 669 triangulus
1239 582 1619 647 inscribitur
1664 583 1932 648 eandem
1976 583 2188 648 basim
2224 583 2338 649 ha-

303 688 491 773 bens,
538 711 733 774 quam
769 693 1197 775 segmentum,
1244 692 1311 754 et
1350 688 1764 756 altitudinem
1804 690 2091 775 eandem,
2136 690 2343 755 trian-

305 796 502 880 gulus
546 794 900 879 inscriptus
949 795 1157 861 maior
1203 795 1329 860 erit
1375 795 1642 861 dimidia
1685 799 1873 880 parte
1922 796 2261 881 segmenti.

443 902 530 966 sit
583 902 755 966 enim
811 905 1018 966 ΑΒΓ
1066 906 1501 987 segmentum,
1558 903 1747 987 quale
1802 902 2109 987 diximus,
2164 905 2230 967 et
2283 903 2342 966 ei

304 1008 702 1073 inscribatur
763 1009 1132 1095 triangulus
1197 1011 1404 1073 ΑΒΓ
1459 1008 1728 1073 eandem
1790 1010 2003 1075 basim
2072 1008 2342 1091 habene,

307 1136 506 1198 quam
561 1119 773 1181 totum
833 1116 1326 1201 [segmentum],
1390 1117 1456 1179 et
1509 1116 1926 1182 altitudinem
1984 1116 2340 1200 aequalem.

305 1221 615 1305 quoniam
666 1221 871 1306 igitur
905 1220 1273 1307 triangulus
1311 1221 1581 1286 eandem
1618 1222 1832 1287 basim
1868 1221 2094 1306 habet,
2142 1243 2339 1306 quam

308 1330 735 1411 segmentum,
783 1328 850 1391 et
894 1326 1306 1391 altitudinem
1345 1326 1634 1413 eandem,
1677 1348 1943 1393 necesse
1983 1331 2101 1413 est,
2143 1350 2342 1412 punc-

173 1478 198 1487 —
301 1434 446 1497 tum
484 1435 542 1496 B
586 1434 897 1498 uerticem
944 1454 1086 1498 esse
1127 1431 1521 1519 segmenti.¹)
1595 1433 1819 1518 itaque
1858 1437 1997 1500 ΑΓ
2024 1434 2233 1500 lineae
2269 1436 2342 1500 in

304 1542 365 1603 Β
414 1540 766 1605 sectionem
820 1538 1227 1625 contingenti
1280 1538 1594 1621 parallela
1640 1536 1817 1624 est.²)
1907 1538 2179 1605 ducatur
2223 1563 2343 1624 per

302 1649 616 1731 punctum
665 1649 723 1710 B
767 1646 976 1710 lineae
1005 1648 1140 1709 ΑΓ
1177 1645 1497 1729 parallela
1534 1645 1714 1723 linea
1744 1649 1811 1708 A
1821 1649 1898 1730 E,
1946 1650 2013 1710 et
2058 1668 2097 1710 a
2140 1668 2340 1729 punc-

302 1752 393 1817 tis
440 1758 522 1838 A,
570 1755 634 1818 Γ
672 1753 990 1817 diametro
1035 1751 1393 1836 parallelae
1437 1752 1647 1817 lineae
1684 1754 1847 1831 ΑΔ,
1893 1755 2035 1817 ΓΕ.
2109 1753 2342 1818 cadent

303 1858 511 1943 igitur
556 1862 738 1923 extra
785 1854 1271 1944 segmentum.³)
1366 1858 1675 1941 quoniam
1720 1857 1927 1941 igitur

653 1968 964 2030 ABP=
994 1966 1341 2048 {AAEP
1380 1962 1585 2045 [Eucl.
1631 1962 1694 2047 I,
1738 1960 1886 2050 41),

305 2070 731 2137 manifestum
806 2074 932 2157 est,
1004 2071 1319 2135 maiorem
1393 2092 1541 2134 eum
1616 2091 1757 2135 esse
1822 2069 2089 2135 dimidia
2151 2076 2339 2157 parte

310 2177 645 2262 segmenti.

1047 2348 1593 2407 COROLLARIU'M.

438 2460 584 2527 Hoc
629 2461 1076 2527 demonstrato
1125 2460 1416 2545 adparet,
1465 2461 1606 2526 fieri
1651 2482 1866 2545 posse,
1912 2464 1988 2525 ut
2030 2462 2153 2527 tali
2199 2484 2341 2549 seg-

303 2572 526 2634 mento
569 2568 974 2654 polygonum
1011 2568 1425 2652 inscribatur,
1470 2569 1565 2633 ita
1600 2572 1676 2633 ut
1712 2571 2053 2653 segmenta
2087 2568 2342 2652 reliqua

303 2675 562 2740 minora
609 2676 744 2740 sint
789 2675 1020 2760 quouis
1059 2674 1272 2759 spatio
1320 2674 1495 2741 dato,
1583 2696 1739 2739 nam
1790 2676 1847 2739 si
1895 2696 2151 2758 semper
2198 2696 2339 2758 spa-

303 2781 487 2865 tium,
534 2782 708 2865 quod
749 2784 1014 2866 propter
1048 2780 1219 2846 hanc
1254 2780 1769 2864 propositionem
1810 2780 1951 2861 [20]
1991 2780 2201 2845 maius
2240 2785 2342 2845 est

449 2976 502 3058 1)
537 2974 686 3028 Nam
735 2972 975 3029 altitudo
1010 2973 1284 3043 trianguli
1319 2973 1472 3027 linea
1509 2974 1596 3027 est
1631 2988 1666 3024 a
1701 2977 1745 3025 Β
1784 2972 1859 3026 ad
1894 2976 2006 3026 ΑΓ
2036 2972 2336 3055 perpendi-

302 3043 508 3100 cularis
521 3088 535 3113 ,
588 3061 732 3113 quae
779 3061 906 3098 cum
953 3044 1124 3099 etiam
1171 3042 1447 3115 segmenti
1494 3043 1571 3097 sit
1616 3042 1884 3112 altitudo,
1936 3044 2183 3099 maxima
2229 3043 2338 3099 erit
2393 3084 2403 3094 .

302 3116 578 3170 linearum
616 3132 651 3170 a
688 3115 934 3171 sectione
972 3116 1047 3170 ad
1079 3119 1190 3169 ΑΓ
1219 3114 1767 3186 perpendicularium
1799 3117 1874 3185 (p.
1903 3121 2026 3185 336,
2058 3118 2173 3186 14)3
2210 3117 2335 3170 tum

304 3191 876 3327 ιιΡ2)3911511111511111111.
913 3273 948 3311 a
973 3262 1017 3310 B
1057 3256 1332 3313 diametro
1370 3257 1647 3327 parallela
1682 3258 1853 3313 ducta
1886 3256 2097 3311 lineam
2132 3259 2244 3310 ΑΓ
2272 3256 2335 3310 111

300 3328 441 3383 duas
469 3331 661 3399 partes
691 3328 954 3397 aequales
985 3326 1200 3383 diuidet
1229 3331 1352 3398 (per
1380 3345 1708 3384 conuersam
1736 3344 1894 3399 prop.
1922 3334 2013 3394 18·
2054 3326 2150 3382 cfr.
2170 3342 2331 3396 prop.

305 3404 369 3453 1⁷
409 3418 466 3469 p.
509 3404 630 3469 334,
668 3401 784 3468 25);
823 3401 1036 3455 tumu.
1074 3414 1230 3468 prop.
1274 3404 1322 3467 1,
1360 3400 1414 3453 b.

444 3472 501 3540 3)
539 3472 684 3538 Περὶ
721 3471 978 3527 κωνοειὸ.
1023 3476 1114 3537 163
1164 3417 1427 3527 zeitschr.
1466 3470 1504 3525 f.
1543 3470 1751 3537 Math„
1797 3469 1929 3525 hist.
1967 3466 2137 3523 Abth.
2177 3466 2331 3521 XXV

297 3560 352 3613 p.
394 3546 464 3597 53
499 3560 583 3596 nr.
626 3549 708 3598 19.
