2659 3967
644 195 742 250 DE
779 197 1191 255 PLANORUM
1226 197 1720 264 AEQUILIBRIIS
1759 203 1866 256 ete.
2153 201 2278 264 171

229 345 412 426 dieo,
461 343 659 408 etiam
685 347 765 409 N
801 346 1115 427 punctum
1162 348 1457 410 centrum
1505 345 1850 431 grauitatis
1898 365 2039 411 esse
2078 347 2284 412 trian-

240 451 391 538 guli
440 455 508 514 A
516 454 579 514 E
588 454 659 514 Z.

386 579 538 622 nam
576 579 659 621 ne
697 557 802 641 sit,
840 555 954 622 sed
990 557 1046 621 si
1083 556 1226 621 fieri
1261 560 1498 642 potest,
1543 561 1855 643 punctum
1883 561 1962 623 H
1989 563 2284 625 centrum

238 665 601 751 grauitatis
650 665 737 728 sit
780 663 1099 750 trianguli
1137 668 1205 727 A
1215 668 1357 728 EZ.
1425 668 1490 728 et
1537 663 1852 730 ducantur
1894 666 2106 732 lineae
2141 671 2283 752 ΘΑ,

235 774 390 854 ΘΒ,
428 774 568 854 ΘΓ,
605 773 768 854 ΔΝ,
805 773 961 854 ΕΝ,
1001 773 1153 853 ΖΝ,
1192 773 1358 854 ΔΗ,
1396 774 1552 854 ΕΗ,
1581 774 1732 836 ΖΗ.
1796 771 1931 837 iam
1970 773 2280 857 quoniam

234 877 496 942 similes
553 880 707 941 sunt
759 877 1076 962 trianguli
1122 879 1337 961 ΑΒΓ,
1395 881 1463 940 Δ
1472 882 1597 943 ΕΖ
1607 928 1626 962 ,
1683 882 1750 942 et
1795 882 2017 944 centra
2063 881 2280 965 graui-

237 985 407 1049 tatis
456 986 610 1049 sunt
652 986 893 1068 puncta
937 987 1011 1062 Θ,
1056 987 1143 1067 Η,
1191 986 1258 1048 et
1302 984 1613 1048 similium
1656 984 2014 1069 figurarum
2060 990 2284 1050 centra

236 1091 597 1178 grauitatis
645 1090 944 1155 similiter
988 1091 1207 1175 posita
1254 1094 1405 1156 sunt
1453 1092 1720 1176 [postul.
1756 1092 1847 1175 4]‚
1894 1092 1988 1157 ita
2034 1096 2108 1156 ut
2147 1093 2280 1156 sin-

234 1198 407 1284 gula
470 1219 617 1262 eum
672 1196 948 1281 singulis
1003 1196 1320 1261 lateribus
1375 1197 1546 1262 inter
1605 1219 1675 1261 se
1730 1199 2277 1281 respondentibus

238 1303 550 1387 aequales
598 1302 871 1386 angulos
919 1300 1209 1367 efficiant
1254 1301 1522 1386 [postul.
1568 1304 1659 1387 5]‚
1706 1303 1831 1368 erit
1874 1304 2079 1388 igitur

910 1429 1193 1501 LHAE
1218 1456 1303 1478 =
1332 1429 1608 1502 ΛΘΑΒ.

233 1551 361 1616 sed
414 1555 1136 1635 LffiAB=LEAN‚
1202 1552 1359 1635 quia
1419 1555 1660 1634 puncta
1713 1557 1796 1636 Θ,
1852 1557 1931 1617 Ν
1976 1553 2279 1618 similiter

232 1657 463 1743 posita
520 1660 673 1722 sunt
726 1657 995 1742 [postul.
1041 1657 1131 1738 5].
1223 1677 1422 1741 quare
1477 1656 1676 1721 etiam
1731 1657 2010 1741 angulus
2056 1661 2197 1721 ΕΔ
2206 1659 2285 1722 Ν

238 1763 537 1848 aequalis
594 1765 695 1828 est
750 1763 989 1847 angulo
1038 1765 1282 1848 ΕΔΗ,
1339 1761 1548 1826 maior
1593 1761 1857 1845 minori3
1917 1761 2087 1846 quod
2133 1763 2275 1826 fieri

236 1891 378 1936 non
434 1872 670 1955 potest.
762 1890 958 1953 quare
1016 1867 1159 1933 fieri
1212 1887 1352 1933 non
1405 1871 1655 1952 potest,
1721 1872 1794 1932 ut
1839 1871 1919 1933 N
1963 1874 2276 1952 punctum

230 1981 537 2042 centrum
583 1974 928 2062 grauitatis
974 1973 1295 2062 trianguli
1324 1979 1393 2038 Δ
1403 1978 1466 2038 Ε
1474 1979 1527 2038 Ζ
1564 1995 1698 2040 non
1736 1974 1841 2042 sit.
1906 1979 2007 2039 est
2047 1975 2271 2061 igitur.

381 2331 449 2398 Si
493 2332 630 2398 dati
677 2336 829 2396 sunt
872 2332 999 2397 duo
1044 2331 1363 2416 trianguli
1410 2331 1685 2416 similes,
1737 2332 2006 2397 alterius
2054 2335 2274 2396 autem

232 2441 556 2524 trianguli
609 2444 901 2506 centrum
960 2440 1309 2525 grauitatis
1365 2441 1437 2504 in
1486 2461 1562 2504 ea
1606 2439 1777 2504 linea
1820 2439 2107 2522 positum
2156 2442 2274 2522 est,

234 2567 406 2630 quae
452 2547 534 2612 ab
584 2547 825 2632 angulo
872 2547 1091 2632 aliquo
1139 2546 1223 2611 ad
1268 2545 1548 2611 mediam
1593 2541 1870 2631 basim¹)
1919 2545 2112 2610 dueta
2155 2548 2274 2626 est,

236 2653 440 2718 etiam
512 2654 744 2738 reliqui
816 2652 1132 2738 trianguli
1196 2657 1490 2718 centrum
1555 2650 1900 2736 grauitatis
1966 2651 2033 2714 in
2096 2650 2272 2714 linea

232 2759 541 2825 similiter
584 2760 780 2825 dueta
823 2759 1111 2844 positum
1160 2759 1298 2824 erit.

376 2865 503 2930 duo
539 2866 853 2952 trianguli
890 2866 1023 2930 sint
1058 2867 1273 2949 ΑΒΓ,
1311 2868 1534 2946 ΔΕΖ,
1582 2867 1647 2928 et
1685 2862 1774 2926 sit

603 2990 1906 3055 ArzAz=A32AE=BF22E

234 3114 383 3198 [cfr.
447 3137 511 3198 p.
561 3114 687 3178 169
752 3117 887 3179 not.
933 3115 1024 3194 3].
1125 3116 1191 3178 et
1252 3113 1426 3176 linea
1479 3115 1617 3176 ΑΓ
1662 3112 1730 3176 in
1787 3115 2027 3195 puncto
2073 3115 2155 3176 H
2197 3111 2268 3176 in

234 3221 399 3285 duas
463 3223 685 3304 partes
750 3220 1053 3304 aequales
1120 3218 1329 3284 diuisa
1394 3218 1668 3284 dueatur
1730 3218 1902 3282 linea
1945 3221 2129 3300 ΒΗ,
2203 3221 2274 3282 et

385 3433 439 3502 1)
476 3429 547 3484 H.
585 3446 632 3487 e.
669 3430 820 3484 latus
858 3428 1065 3500 angulo
1104 3427 1444 3499 oppositum.
