2659 3967
816 195 915 250 DE
950 196 1193 252 LINEIS
1232 197 1676 255 SPIRALIBUS.
2128 193 2256 258 103

224 363 379 406 rum
423 343 707 407 maxima
751 345 853 406 est
896 347 1047 427 ΘΑ,
1094 342 1366 408 minima
1411 347 1627 408 autem
1673 346 1829 426 ΘΕ,
1875 344 1942 404 et
1986 339 2258 404 minima

224 449 519 514 excessui
574 449 867 534 aequalis
922 448 1093 530 est.¹)
1184 449 1299 515 sed
1354 451 1550 515 etiam
1605 449 1773 514 aliae
1825 447 2034 513 lineae
2089 450 2260 531 sunt,

222 576 343 620 eae
392 555 657 639 scilicet,
702 577 867 640 quae
914 579 955 621 a
998 560 1239 641 puncto
1268 559 1327 620 Θ
1373 556 1456 620 ad
1492 555 1716 620 circuli
1751 554 2068 620 ambitum
2106 553 2260 618 duc-

218 665 332 725 tae
390 666 573 746 sunt,
628 685 900 729 numero
958 663 1093 728 illis
1152 663 1482 748 aequales,
1537 661 1986 747 magnitudine
2041 664 2258 726 autem

222 767 528 854 singulae
592 770 897 854 aequales
960 770 1311 852 maximae,
1386 773 1452 834 et
1513 769 1584 833 in
1647 768 1947 834 omnibus
2011 767 2257 833 similes

220 878 513 941 sectores
559 876 921 941 constructi
964 880 1135 958 sunt,
1181 879 1249 941 et
1292 876 1364 940 in
1398 875 1500 958 iis,
1546 897 1708 961 quae
1747 874 2003 960 aequali
2042 874 2256 958 spatio

216 981 397 1046 inter
446 1003 517 1046 se
563 981 899 1066 excedunt,
945 986 1011 1048 et
1054 982 1125 1047 in
1167 983 1268 1066 iis,
1315 1004 1480 1068 quae
1516 982 1688 1046 inter
1725 1004 1794 1047 se
1831 984 1898 1046 et
1933 981 2256 1047 maximae

218 1088 535 1172 aequales
572 1092 747 1154 sunt.
808 1081 1090 1154 sectores
1127 1088 1328 1174 igitur
1366 1089 1436 1153 in
1461 1089 1648 1153 lineis
1678 1089 1998 1153 maximae
2025 1097 2258 1173 aequa-

214 1193 397 1258 libus
466 1195 821 1262 constructi
882 1194 1169 1260 minores
1225 1198 1404 1279 sunt,
1467 1217 1665 1279 quam
1717 1195 1919 1280 triplo
1977 1195 2256 1260 maiores

217 1301 593 1367 sectoribus
648 1301 719 1366 in
760 1301 951 1366 lineis
997 1301 1253 1384 aequali
1298 1302 1515 1386 spatio
1560 1300 1733 1366 inter
1777 1323 1846 1366 se
1892 1300 2258 1367 excedenti-

214 1407 343 1472 bus
382 1409 795 1474 constructis.
858 1408 982 1473 hoc
1019 1409 1195 1472 enim
1232 1408 1752 1474 demonstratum
1788 1412 1890 1474 est
1929 1411 2139 1493 [prop.
2173 1409 2257 1473 10

215 1515 448 1580 coroll.
494 1515 586 1596 3].
666 1514 777 1579 sed
824 1518 1107 1580 sectores
1152 1515 1225 1580 in
1270 1515 1460 1580 lineis
1507 1515 1680 1580 inter
1721 1537 1790 1579 se
1829 1519 1896 1578 et
1931 1515 2254 1579 maximae

216 1621 609 1704 aequalibus
674 1620 1035 1686 constructi
1100 1621 1402 1705 aequales
1469 1625 1621 1686 sunt
1680 1621 1920 1687 circulo
1976 1627 2042 1685 A
2054 1624 2196 1687 ZH
2194 1624 2255 1704 I,

216 1731 511 1793 sectores
560 1731 781 1792 autem
826 1728 899 1792 in
940 1727 1133 1792 lineis
1178 1727 1434 1811 aequali
1486 1728 1701 1812 spatio
1748 1728 1921 1792 inter
1967 1748 2036 1790 se
2074 1748 2254 1792 exce-

216 1833 529 1899 dentibus
576 1835 937 1899 constructi
982 1833 1287 1919 aequales
1336 1837 1488 1898 sunt
1533 1833 1781 1918 figurae
1819 1833 2256 1918 circumscrip-

212 1944 351 2006 tae.
440 1940 663 2025 itaque
727 1941 1003 2006 circulus
1058 1944 1190 2006 AZ
1205 1943 1330 2005 HI
1379 1941 1596 2006 minor
1655 1943 1756 2004 est
1815 1961 2010 2025 quam
2053 1939 2252 2024 triplo

214 2047 435 2112 maior
498 2048 709 2132 figura
772 2047 1289 2132 circumscripta3
1366 2047 1602 2112 circulo
1667 2051 1886 2112 autem
1953 2060 1990 2115 Q
2053 2046 2252 2130 triplo
2358 2052 2371 2065 '

212 2153 435 2218 maior
480 2155 595 2218 est.
670 2153 889 2237 itaque
936 2151 1213 2218 circulus
1262 2166 1299 2221 Q
1345 2153 1560 2218 minor
1605 2156 1706 2218 est
1739 2152 1951 2236 figura
1987 2153 2256 2217 circum-

214 2260 488 2345 scripta.
580 2263 721 2324 erat
785 2263 1004 2324 autem
1061 2282 1196 2326 non
1253 2261 1497 2344 minor,
1562 2259 1674 2324 sed
1733 2261 2002 2328 maior..
2055 2281 2254 2343 quare

214 2367 513 2452 spatium
548 2365 1085 2450 comprehensum
1122 2365 1350 2450 spirali
1380 2369 1649 2431 ΑΒΓΔ
1660 2370 1786 2431 ΕΘ
1823 2369 1890 2430 et
1917 2366 2092 2431 linea
2122 2372 2188 2430 Α
2196 2369 2255 2430 Θ

214 2472 439 2536 minus
484 2493 619 2537 non
664 2474 765 2536 est
811 2472 1027 2556 spatio
1074 2485 1130 2540 Q.
1845 2461 1848 2466 ¹

356 2577 473 2642 sed
524 2599 607 2642 ne
658 2579 869 2642 maius
917 2577 1175 2663 quidem
1222 2579 1342 2642 est.
1431 2576 1520 2640 sit
1568 2576 1768 2661 enim,
1825 2577 1879 2641 si
1925 2575 2066 2640 fieri
2108 2582 2256 2662 pot-

214 2685 341 2766 est,
388 2682 617 2748 maius.
689 2683 911 2767 itaque
956 2705 1179 2748 rursus
1223 2682 1368 2746 fieri
1412 2685 1650 2768 potest,
1696 2688 1771 2748 ut
1817 2683 2033 2768 spatio
2081 2704 2253 2748 com-

214 2787 541 2872 prehenso
606 2787 835 2872 spirali
888 2789 1156 2853 ΑΒΓΔ
1169 2791 1297 2852 ΕΘ
1361 2791 1427 2852 et
1480 2778 1654 2852 linea
1707 2792 1773 2850 Α
1783 2791 1838 2850 Θ
1890 2787 2102 2871 figura
2155 2788 2253 2852 in-

216 2894 573 2976 scribatur,
644 2891 742 2956 ita
812 2897 889 2958 ut
962 2893 1274 2977 spatium,
1349 2892 1522 2978 quod
1586 2893 2256 2980 commemorauimUS,

217 2999 501 3084 figuram
526 2999 913 3084 inscriptam
940 2998 1209 3064 excedat
1236 2999 1452 3084 spatio
1479 2998 1752 3082 minore,
1783 3021 1976 3082 quam
2006 3004 2252 3085 quanto

220 3106 509 3190 spatium
572 3105 737 3170 illud
802 3105 1113 3172 circulum
1168 3119 1205 3172 0·
1264 3105 1516 3170 excedit
1571 3106 1782 3190 [prop.
1839 3106 1922 3170 21
1981 3109 2255 3190 coroll.].

368 3265 422 3332 1)
458 3261 661 3316 Lineas
701 3263 829 3330 ΘΕ,
869 3263 998 3330 ΘΔ,
1038 3263 1167 3327 ΘΓ,
1207 3263 1310 3315 ΘΒ
1354 3264 1486 3316 cett.
1525 3262 1750 3331 aequali
1787 3263 1969 3332 spatio
2007 3264 2154 3318 inter
2191 3282 2252 3320 se

222 3333 521 3401 excedere,
558 3333 798 3402 adparet
834 3349 902 3386 ex
937 3350 1095 3403 prop.
1139 3338 1230 3401 12,
1277 3332 1414 3402 quia
1449 3333 1684 3402 angulos
1721 3334 1986 3402 aequales
2021 3335 2250 3390 faciunt.

220 3404 433 3458 lineam
478 3405 670 3458 autem
710 3405 820 3458 ΘΕ
868 3402 1118 3459 excessui
1153 3404 1450 3472 aequalem
1489 3420 1634 3472 esse,
1677 3403 1796 3458 siue
1837 3406 1946 3459 ΘΕ
1975 3430 2044 3450 ==
2071 3407 2250 3476 ᾗΘΔ,

221 3473 473 3544 sequitur
518 3491 587 3529 ex
631 3492 789 3544 prop.
832 3481 887 3542 13
940 3491 1077 3530 nam
1124 3489 1253 3528 cum
1296 3474 1494 3546 anguli
1541 3475 1806 3543 aequales
1839 3475 1980 3544 sint,
2025 3478 2251 3546 tempus

220 3547 479 3616 tempore
519 3544 689 3615 duplo
726 3545 907 3601 maius
946 3549 1048 3602 est.
