<?xml version="1.0" encoding="UTF-8"?>
<!DOCTYPE html PUBLIC "-//W3C//DTD XHTML 1.0 Transitional//EN"
    "http://www.w3.org/TR/xhtml1/DTD/xhtml1-transitional.dtd">
<html xmlns="http://www.w3.org/1999/xhtml" xml:lang="en" lang="en">
 <head>
  <title>
</title>
<meta http-equiv="Content-Type" content="text/html;charset=utf-8" />
  <meta name='ocr-system' content='tesseract 3.04.00' />
  <meta name='ocr-capabilities' content='ocr_page ocr_carea ocr_par ocr_line ocrx_word'/>
</head>
<body>
  <div class='ocr_page' id='page_1' title='image "archimedisopera00heibgoog_0140.png"; bbox 0 0 2659 3967; ppageno 0'>
   <div class='ocr_carea' id='block_1_1' title="bbox 413 159 1681 225">
    <p class='ocr_par' dir='ltr' id='par_1_1' title="bbox 413 159 1681 225">
     <span class='ocr_line' id='line_1_1' title="bbox 413 159 1681 225; baseline -0.009 0"><span class='ocrx_word' id='word_1_1' title='bbox 413 159 539 225; x_wconf 80' lang='grc'><strong><em>128</em></strong></span> <span class='ocrx_word' id='word_1_2' title='bbox 1168 162 1348 214; x_wconf 72' lang='grc' dir='ltr'>ΠΕΡΙ</span> <span class='ocrx_word' id='word_1_3' title='bbox 1381 160 1681 215; x_wconf 61' lang='lat' dir='ltr'><strong><em>mmm.</em></strong></span> 
     </span>
    </p>
   </div>
   <div class='ocr_carea' id='block_1_2' title="bbox 304 298 2452 3153">
    <p class='ocr_par' dir='ltr' id='par_1_2' title="bbox 304 298 2452 3153">
     <span class='ocr_line' id='line_1_2' title="bbox 406 298 2448 391; baseline 0.001 -23"><span class='ocrx_word' id='word_1_4' title='bbox 406 298 831 391; x_wconf 74' lang='grc' dir='ltr'><strong><em>τετραγώνου</em></strong></span> <span class='ocrx_word' id='word_1_5' title='bbox 875 300 1027 369; x_wconf 80' lang='grc' dir='ltr'><strong><em>ποτὶ</em></strong></span> <span class='ocrx_word' id='word_1_6' title='bbox 1073 299 1149 369; x_wconf 90' lang='grc' dir='ltr'><strong><em>τὸ</em></strong></span> <span class='ocrx_word' id='word_1_7' title='bbox 1198 300 1328 370; x_wconf 80' lang='grc' dir='ltr'><strong><em>ἀπὸ</em></strong></span> <span class='ocrx_word' id='word_1_8' title='bbox 1368 307 1493 371; x_wconf 93' lang='grc' dir='ltr'><strong><em>ΓΘ</em></strong></span> <span class='ocrx_word' id='word_1_9' title='bbox 1527 300 1968 391; x_wconf 76' lang='grc' dir='ltr'><strong><em>τετράγωνον.</em></strong></span> <span class='ocrx_word' id='word_1_10' title='bbox 2033 299 2068 370; x_wconf 86' lang='grc' dir='ltr'>ὁ</span> <span class='ocrx_word' id='word_1_11' title='bbox 2112 301 2188 370; x_wconf 75' lang='grc' dir='ltr'><strong><em>δὲ</em></strong></span> <span class='ocrx_word' id='word_1_12' title='bbox 2223 307 2448 388; x_wconf 77' lang='grc' dir='ltr'><strong><em>τρίτος</em></strong></span> 
     </span>
     <span class='ocr_line' id='line_1_3' title="bbox 407 405 2447 496; baseline 0 -20"><span class='ocrx_word' id='word_1_13' title='bbox 407 407 652 488; x_wconf 83' lang='grc' dir='ltr'><strong><em>κύκλος</em></strong></span> <span class='ocrx_word' id='word_1_14' title='bbox 697 412 829 496; x_wconf 83' lang='grc' dir='ltr'><strong><em>ἔχει</em></strong></span> <span class='ocrx_word' id='word_1_15' title='bbox 876 408 1027 476; x_wconf 82' lang='grc' dir='ltr'><strong><em>ποτὶ</em></strong></span> <span class='ocrx_word' id='word_1_16' title='bbox 1072 405 1195 476; x_wconf 88' lang='grc' dir='ltr'><strong><em>τὸν</em></strong></span> <span class='ocrx_word' id='word_1_17' title='bbox 1243 407 1563 496; x_wconf 78' lang='grc' dir='ltr'><strong><em>δεύτερον</em></strong></span> <span class='ocrx_word' id='word_1_18' title='bbox 1597 406 1873 494; x_wconf 84' lang='grc' dir='ltr'><strong><em>κύκλον,</em></strong></span> <span class='ocrx_word' id='word_1_19' title='bbox 1920 405 2004 476; x_wconf 79' lang='grc' dir='ltr'><strong><em>ὃν</em></strong></span> <span class='ocrx_word' id='word_1_20' title='bbox 2035 407 2113 476; x_wconf 86' lang='grc' dir='ltr'><strong><em>τὸ</em></strong></span> <span class='ocrx_word' id='word_1_21' title='bbox 2153 407 2287 477; x_wconf 76' lang='grc' dir='ltr'><strong><em>ἀπὸ</em></strong></span> <span class='ocrx_word' id='word_1_22' title='bbox 2325 412 2447 490; x_wconf 82' lang='grc' dir='ltr'><strong><em>τᾶς</em></strong></span> 
     </span>
     <span class='ocr_line' id='line_1_4' title="bbox 407 511 2448 604; baseline 0.001 -22"><span class='ocrx_word' id='word_1_23' title='bbox 407 521 533 582; x_wconf 90' lang='grc' dir='ltr'><strong><em>ΓΘ</em></strong></span> <span class='ocrx_word' id='word_1_24' title='bbox 574 513 999 602; x_wconf 77' lang='grc' dir='ltr'><strong><em>τετράγωνον</em></strong></span> <span class='ocrx_word' id='word_1_25' title='bbox 1044 515 1197 582; x_wconf 82' lang='grc' dir='ltr'><strong><em>ποτὶ</em></strong></span> <span class='ocrx_word' id='word_1_26' title='bbox 1242 515 1318 582; x_wconf 89' lang='grc' dir='ltr'><strong><em>τὸ</em></strong></span> <span class='ocrx_word' id='word_1_27' title='bbox 1367 511 1500 582; x_wconf 79' lang='grc' dir='ltr'><strong><em>ἀπὸ</em></strong></span> <span class='ocrx_word' id='word_1_28' title='bbox 1547 517 1666 594; x_wconf 84' lang='grc' dir='ltr'><strong><em>τᾶς</em></strong></span> <span class='ocrx_word' id='word_1_29' title='bbox 1702 521 1854 582; x_wconf 89' lang='grc' dir='ltr'><strong><em>ΘΒ.</em></strong></span> <span class='ocrx_word' id='word_1_30' title='bbox 1925 511 1964 582; x_wconf 82' lang='grc' dir='ltr'>ὁ</span> <span class='ocrx_word' id='word_1_31' title='bbox 2013 514 2089 583; x_wconf 77' lang='grc' dir='ltr'><strong><em>δὲ</em></strong></span> <span class='ocrx_word' id='word_1_32' title='bbox 2134 514 2448 604; x_wconf 77' lang='grc' dir='ltr'><strong><em>δεύτερος</em></strong></span> 
     </span>
     <span class='ocr_line' id='line_1_5' title="bbox 408 616 2446 709; baseline -0 -20"><span class='ocrx_word' id='word_1_33' title='bbox 408 621 652 702; x_wconf 82' lang='grc' dir='ltr'><strong><em>κύκλος</em></strong></span> <span class='ocrx_word' id='word_1_34' title='bbox 704 626 838 708; x_wconf 79' lang='grc' dir='ltr'><strong><em>ἔχει</em></strong></span> <span class='ocrx_word' id='word_1_35' title='bbox 894 619 1047 688; x_wconf 82' lang='grc' dir='ltr'><strong><em>ποτὶ</em></strong></span> <span class='ocrx_word' id='word_1_36' title='bbox 1100 617 1177 687; x_wconf 87' lang='grc' dir='ltr'><strong><em>τὸ</em></strong></span> <span class='ocrx_word' id='word_1_37' title='bbox 1224 625 1296 686; x_wconf 89' lang='lat' dir='ltr'><em>K</em></span> <span class='ocrx_word' id='word_1_38' title='bbox 1302 625 1368 686; x_wconf 83' lang='lat' dir='ltr'><em>A</em></span> <span class='ocrx_word' id='word_1_39' title='bbox 1410 625 1694 709; x_wconf 77' lang='grc' dir='ltr'><strong><em>χωρίον,</em></strong></span> <span class='ocrx_word' id='word_1_40' title='bbox 1747 616 1831 688; x_wconf 79' lang='grc' dir='ltr'><strong><em>ὃν</em></strong></span> <span class='ocrx_word' id='word_1_41' title='bbox 1876 617 1952 688; x_wconf 81' lang='grc' dir='ltr'><strong><em>τὸ</em></strong></span> <span class='ocrx_word' id='word_1_42' title='bbox 1999 616 2130 688; x_wconf 81' lang='grc' dir='ltr'><strong><em>ἀπὸ</em></strong></span> <span class='ocrx_word' id='word_1_43' title='bbox 2176 628 2303 689; x_wconf 89' lang='grc' dir='ltr'><strong><em>ΒΘ</em></strong></span> <span class='ocrx_word' id='word_1_44' title='bbox 2344 646 2446 688; x_wconf 83' lang='grc' dir='ltr'><strong><em>τε-</em></strong></span> 
     </span>
     <span class='ocr_line' id='line_1_6' title="bbox 338 723 2443 817; baseline -0 -22"><span class='ocrx_word' id='word_1_45' title='bbox 338 741 372 790; x_wconf 82' lang='lat'><strong>5</strong></span> <span class='ocrx_word' id='word_1_46' title='bbox 409 727 765 817; x_wconf 80' lang='grc' dir='ltr'><strong><em>τράγωνον</em></strong></span> <span class='ocrx_word' id='word_1_47' title='bbox 819 727 971 794; x_wconf 85' lang='grc' dir='ltr'><strong><em>ποτὶ</em></strong></span> <span class='ocrx_word' id='word_1_48' title='bbox 1025 723 1105 794; x_wconf 79' lang='grc' dir='ltr'><strong><em>τὰ</em></strong></span> <span class='ocrx_word' id='word_1_49' title='bbox 1162 728 1639 813; x_wconf 79' lang='grc' dir='ltr'><strong><em>συναμφότερα</em></strong></span> <span class='ocrx_word' id='word_1_50' title='bbox 1692 725 1770 794; x_wconf 90' lang='grc' dir='ltr'><strong><em>τό</em></strong></span> <span class='ocrx_word' id='word_1_51' title='bbox 1823 752 1894 794; x_wconf 82' lang='grc' dir='ltr'><strong><em>τε</em></strong></span> <span class='ocrx_word' id='word_1_52' title='bbox 1947 723 2079 794; x_wconf 80' lang='grc' dir='ltr'><strong><em>ὑπὸ</em></strong></span> <span class='ocrx_word' id='word_1_53' title='bbox 2124 731 2250 794; x_wconf 82' lang='grc' dir='ltr'><strong><em>τᾶν</em></strong></span> <span class='ocrx_word' id='word_1_54' title='bbox 2296 733 2443 812; x_wconf 89' lang='grc' dir='ltr'><strong><em>ΒΘ,</em></strong></span> 
     </span>
     <span class='ocr_line' id='line_1_7' title="bbox 410 831 2442 922; baseline -0.001 -18"><span class='ocrx_word' id='word_1_55' title='bbox 410 843 541 904; x_wconf 91' lang='grc' dir='ltr'><strong><em>ΘΑ</em></strong></span> <span class='ocrx_word' id='word_1_56' title='bbox 585 835 697 903; x_wconf 82' lang='grc' dir='ltr'><strong><em>καὶ</em></strong></span> <span class='ocrx_word' id='word_1_57' title='bbox 742 831 820 903; x_wconf 87' lang='grc' dir='ltr'><strong><em>τὸ</em></strong></span> <span class='ocrx_word' id='word_1_58' title='bbox 858 839 1087 918; x_wconf 89' lang='grc' dir='ltr'><strong><em>τρίτον</em></strong></span> <span class='ocrx_word' id='word_1_59' title='bbox 1125 833 1325 921; x_wconf 78' lang='grc' dir='ltr'><strong><em>μέρος</em></strong></span> <span class='ocrx_word' id='word_1_60' title='bbox 1361 837 1482 902; x_wconf 80' lang='grc' dir='ltr'><strong><em>τοῦ</em></strong></span> <span class='ocrx_word' id='word_1_61' title='bbox 1520 831 1653 901; x_wconf 78' lang='grc' dir='ltr'><strong><em>ἀπὸ</em></strong></span> <span class='ocrx_word' id='word_1_62' title='bbox 1691 837 1812 913; x_wconf 78' lang='grc' dir='ltr'><strong><em>τοῖς</em></strong></span> <span class='ocrx_word' id='word_1_63' title='bbox 1838 840 1969 901; x_wconf 85' lang='lat' dir='ltr'><strong><em>AB</em></strong></span> <span class='ocrx_word' id='word_1_64' title='bbox 2003 832 2442 922; x_wconf 73' lang='grc' dir='ltr'><strong><em>τετραγώνου.</em></strong></span> 
     </span>
     <span class='ocr_line' id='line_1_8' title="bbox 408 935 2443 1026; baseline -0 -18"><span class='ocrx_word' id='word_1_65' title='bbox 408 940 523 1008; x_wconf 84' lang='grc' dir='ltr'><strong><em>καὶ</em></strong></span> <span class='ocrx_word' id='word_1_66' title='bbox 566 938 643 1009; x_wconf 86' lang='grc' dir='ltr'><strong><em>τὸ</em></strong></span> <span class='ocrx_word' id='word_1_67' title='bbox 683 947 922 1008; x_wconf 91' lang='grc' dir='ltr'><strong><em>ΚΛΜ</em></strong></span> <span class='ocrx_word' id='word_1_68' title='bbox 958 938 1093 1026; x_wconf 75' lang='grc' dir='ltr'><strong><em>ἄρα</em></strong></span> <span class='ocrx_word' id='word_1_69' title='bbox 1136 940 1291 1008; x_wconf 81' lang='grc' dir='ltr'><strong><em>ποτὶ</em></strong></span> <span class='ocrx_word' id='word_1_70' title='bbox 1337 937 1414 1008; x_wconf 87' lang='grc' dir='ltr'><strong><em>τὸ</em></strong></span> <span class='ocrx_word' id='word_1_71' title='bbox 1443 946 1582 1007; x_wconf 91' lang='grc' dir='ltr'><strong><em>ΚΛ</em></strong></span> <span class='ocrx_word' id='word_1_72' title='bbox 1628 939 1837 1026; x_wconf 80' lang='grc' dir='ltr'><strong><em>λόγον</em></strong></span> <span class='ocrx_word' id='word_1_73' title='bbox 1874 944 2029 1026; x_wconf 83' lang='grc' dir='ltr'><strong><em>ἔχει,</em></strong></span> <span class='ocrx_word' id='word_1_74' title='bbox 2074 935 2159 1008; x_wconf 78' lang='grc' dir='ltr'><strong><em>ὃν</em></strong></span> <span class='ocrx_word' id='word_1_75' title='bbox 2193 937 2272 1008; x_wconf 88' lang='grc' dir='ltr'><strong><em>τὸ</em></strong></span> <span class='ocrx_word' id='word_1_76' title='bbox 2310 937 2443 1007; x_wconf 83' lang='grc' dir='ltr'><strong><em>ὑπὸ</em></strong></span> 
     </span>
     <span class='ocr_line' id='line_1_9' title="bbox 409 1041 2442 1135; baseline 0 -21"><span class='ocrx_word' id='word_1_77' title='bbox 409 1050 535 1114; x_wconf 82' lang='grc' dir='ltr'><strong><em>τᾶν</em></strong></span> <span class='ocrx_word' id='word_1_78' title='bbox 582 1051 733 1130; x_wconf 92' lang='grc' dir='ltr'><strong><em>ΓΘ,</em></strong></span> <span class='ocrx_word' id='word_1_79' title='bbox 780 1052 903 1113; x_wconf 89' lang='grc' dir='ltr'><strong><em>ΘΒ</em></strong></span> <span class='ocrx_word' id='word_1_80' title='bbox 957 1044 1071 1112; x_wconf 75' lang='grc' dir='ltr'><strong><em>καὶ</em></strong></span> <span class='ocrx_word' id='word_1_81' title='bbox 1125 1043 1203 1112; x_wconf 86' lang='grc' dir='ltr'><strong><em>τὸ</em></strong></span> <span class='ocrx_word' id='word_1_82' title='bbox 1258 1050 1489 1132; x_wconf 85' lang='grc' dir='ltr'><strong><em>τρίτον</em></strong></span> <span class='ocrx_word' id='word_1_83' title='bbox 1545 1045 1745 1135; x_wconf 80' lang='grc' dir='ltr'><strong><em>μέρος</em></strong></span> <span class='ocrx_word' id='word_1_84' title='bbox 1797 1049 1922 1114; x_wconf 82' lang='grc' dir='ltr'><strong><em>τοῦ</em></strong></span> <span class='ocrx_word' id='word_1_85' title='bbox 1979 1041 2109 1114; x_wconf 81' lang='grc' dir='ltr'><strong><em>ἀπὸ</em></strong></span> <span class='ocrx_word' id='word_1_86' title='bbox 2155 1049 2276 1126; x_wconf 76' lang='grc' dir='ltr'><strong><em>τᾶς</em></strong></span> <span class='ocrx_word' id='word_1_87' title='bbox 2319 1051 2442 1114; x_wconf 89' lang='grc' dir='ltr'><strong><em>ΓΒ</em></strong></span> 
     </span>
     <span class='ocr_line' id='line_1_10' title="bbox 410 1148 2444 1240; baseline 0 -20"><span class='ocrx_word' id='word_1_88' title='bbox 410 1152 565 1220; x_wconf 84' lang='grc' dir='ltr'><strong><em>ποτὶ</em></strong></span> <span class='ocrx_word' id='word_1_89' title='bbox 619 1150 693 1220; x_wconf 91' lang='grc' dir='ltr'><strong><em>τὸ</em></strong></span> <span class='ocrx_word' id='word_1_90' title='bbox 749 1148 885 1220; x_wconf 81' lang='grc' dir='ltr'><strong><em>ὑπὸ</em></strong></span> <span class='ocrx_word' id='word_1_91' title='bbox 939 1154 1065 1219; x_wconf 83' lang='grc' dir='ltr'><strong><em>τᾶν</em></strong></span> <span class='ocrx_word' id='word_1_92' title='bbox 1111 1158 1267 1236; x_wconf 88' lang='grc' dir='ltr'><strong><em>ΒΘ,</em></strong></span> <span class='ocrx_word' id='word_1_93' title='bbox 1314 1158 1446 1220; x_wconf 85' lang='grc' dir='ltr'><strong><em>ΘΛ</em></strong></span> <span class='ocrx_word' id='word_1_94' title='bbox 1497 1151 1610 1219; x_wconf 84' lang='grc' dir='ltr'><strong><em>καὶ</em></strong></span> <span class='ocrx_word' id='word_1_95' title='bbox 1662 1150 1739 1220; x_wconf 89' lang='grc' dir='ltr'><strong><em>τὸ</em></strong></span> <span class='ocrx_word' id='word_1_96' title='bbox 1795 1156 2026 1240; x_wconf 87' lang='grc' dir='ltr'><strong><em>τρίτον</em></strong></span> <span class='ocrx_word' id='word_1_97' title='bbox 2079 1151 2280 1240; x_wconf 76' lang='grc' dir='ltr'><strong><em>μέρος</em></strong></span> <span class='ocrx_word' id='word_1_98' title='bbox 2321 1156 2444 1220; x_wconf 84' lang='grc' dir='ltr'><strong><em>τοῦ</em></strong></span> 
     </span>
     <span class='ocr_line' id='line_1_11' title="bbox 305 1255 2444 1346; baseline 0.002 -26"><span class='ocrx_word' id='word_1_99' title='bbox 305 1272 374 1323; x_wconf 84' lang='grc'><strong><em>10</em></strong></span> <span class='ocrx_word' id='word_1_100' title='bbox 412 1257 545 1328; x_wconf 83' lang='grc' dir='ltr'><strong><em>ἀπὸ</em></strong></span> <span class='ocrx_word' id='word_1_101' title='bbox 590 1263 710 1338; x_wconf 81' lang='grc' dir='ltr'><strong><em>τᾶς</em></strong></span> <span class='ocrx_word' id='word_1_102' title='bbox 743 1265 875 1326; x_wconf 87' lang='lat' dir='ltr'><strong><em>AB</em></strong></span> <span class='ocrx_word' id='word_1_103' title='bbox 921 1255 1362 1346; x_wconf 74' lang='grc' dir='ltr'><strong><em>τετραγώνου.</em></strong></span> <span class='ocrx_word' id='word_1_104' title='bbox 1436 1261 1646 1326; x_wconf 84' lang='grc' dir='ltr'><strong><em>ταῦτα</em></strong></span> <span class='ocrx_word' id='word_1_105' title='bbox 1692 1256 1769 1326; x_wconf 73' lang='grc' dir='ltr'><strong><em>δὲ</em></strong></span> <span class='ocrx_word' id='word_1_106' title='bbox 1814 1262 1946 1346; x_wconf 81' lang='grc' dir='ltr'><strong><em>ἔχει</em></strong></span> <span class='ocrx_word' id='word_1_107' title='bbox 1991 1257 2142 1326; x_wconf 81' lang='grc' dir='ltr'><strong><em>ποτὶ</em></strong></span> <span class='ocrx_word' id='word_1_108' title='bbox 2188 1255 2444 1326; x_wconf 77' lang='grc' dir='ltr'><strong><em>ἄλλαλα</em></strong></span> 
     </span>
     <span class='ocr_line' id='line_1_12' title="bbox 411 1359 2444 1452; baseline -0.001 -18"><span class='ocrx_word' id='word_1_109' title='bbox 411 1364 642 1452; x_wconf 77' lang='grc' dir='ltr'><strong><em>λόγον,</em></strong></span> <span class='ocrx_word' id='word_1_110' title='bbox 689 1360 773 1432; x_wconf 80' lang='grc' dir='ltr'><strong><em>ὃν</em></strong></span> <span class='ocrx_word' id='word_1_111' title='bbox 820 1362 925 1431; x_wconf 79' lang='grc' dir='ltr'><strong><em>ιθ’</em></strong></span> <span class='ocrx_word' id='word_1_112' title='bbox 971 1364 1126 1431; x_wconf 83' lang='grc' dir='ltr'><strong><em>ποτὶ</em></strong></span> <span class='ocrx_word' id='word_1_113' title='bbox 1169 1359 1250 1431; x_wconf 80' lang='grc' dir='ltr'><strong><em>τὰ</em></strong></span> <span class='ocrx_word' id='word_1_114' title='bbox 1300 1361 1376 1444; x_wconf 77' lang='grc' dir='ltr'><strong><em>ζ’.</em></strong></span> <span class='ocrx_word' id='word_1_115' title='bbox 1443 1361 1612 1432; x_wconf 76' lang='grc' dir='ltr'><strong><em>ὥστε</em></strong></span> <span class='ocrx_word' id='word_1_116' title='bbox 1655 1363 1769 1430; x_wconf 84' lang='grc' dir='ltr'><strong><em>καὶ</em></strong></span> <span class='ocrx_word' id='word_1_117' title='bbox 1813 1362 1890 1432; x_wconf 89' lang='grc' dir='ltr'><strong><em>τὸ</em></strong></span> <span class='ocrx_word' id='word_1_118' title='bbox 1928 1370 1999 1432; x_wconf 90' lang='lat' dir='ltr'><strong><em>K</em></strong></span> <span class='ocrx_word' id='word_1_119' title='bbox 2007 1370 2170 1431; x_wconf 86' lang='lat' dir='ltr'><strong><em>AM</em></strong></span> <span class='ocrx_word' id='word_1_120' title='bbox 2189 1369 2444 1451; x_wconf 83' lang='grc' dir='ltr'><strong><em>χωρίον</em></strong></span> 
     </span>
     <span class='ocr_line' id='line_1_13' title="bbox 412 1465 2441 1558; baseline -0 -18"><span class='ocrx_word' id='word_1_121' title='bbox 412 1471 563 1540; x_wconf 82' lang='grc' dir='ltr'><strong><em>ποτὶ</em></strong></span> <span class='ocrx_word' id='word_1_122' title='bbox 618 1470 695 1538; x_wconf 85' lang='grc' dir='ltr'><strong><em>τὸ</em></strong></span> <span class='ocrx_word' id='word_1_123' title='bbox 745 1475 887 1536; x_wconf 85' lang='grc' dir='ltr'><strong><em>ΛΚ</em></strong></span> <span class='ocrx_word' id='word_1_124' title='bbox 936 1475 1187 1558; x_wconf 80' lang='grc' dir='ltr'><strong><em>χωρίον</em></strong></span> <span class='ocrx_word' id='word_1_125' title='bbox 1242 1473 1486 1537; x_wconf 83' lang='grc' dir='ltr'><strong><em>τοῦτον</em></strong></span> <span class='ocrx_word' id='word_1_126' title='bbox 1543 1473 1674 1555; x_wconf 81' lang='grc' dir='ltr'><strong><em>ἔχει</em></strong></span> <span class='ocrx_word' id='word_1_127' title='bbox 1727 1466 1848 1537; x_wconf 85' lang='grc' dir='ltr'><strong><em>τὸν</em></strong></span> <span class='ocrx_word' id='word_1_128' title='bbox 1903 1468 2143 1556; x_wconf 80' lang='grc' dir='ltr'><strong><em>λόγον,</em></strong></span> <span class='ocrx_word' id='word_1_129' title='bbox 2199 1465 2282 1538; x_wconf 83' lang='grc' dir='ltr'><strong><em>ὃν</em></strong></span> <span class='ocrx_word' id='word_1_130' title='bbox 2338 1469 2441 1540; x_wconf 58' lang='grc' dir='ltr'><strong><em>ιδ’</em></strong></span> 
     </span>
     <span class='ocr_line' id='line_1_14' title="bbox 411 1568 2444 1664; baseline -0.001 -18"><span class='ocrx_word' id='word_1_131' title='bbox 411 1577 563 1646; x_wconf 83' lang='grc' dir='ltr'><strong><em>ποτὶ</em></strong></span> <span class='ocrx_word' id='word_1_132' title='bbox 608 1575 687 1644; x_wconf 81' lang='grc' dir='ltr'><strong><em>τὰ</em></strong></span> <span class='ocrx_word' id='word_1_133' title='bbox 740 1575 815 1657; x_wconf 79' lang='grc' dir='ltr'><strong><em>ζ’.</em></strong></span> <span class='ocrx_word' id='word_1_134' title='bbox 898 1574 1063 1644; x_wconf 80' lang='grc' dir='ltr'><strong><em>αὐτὸ</em></strong></span> <span class='ocrx_word' id='word_1_135' title='bbox 1114 1568 1242 1644; x_wconf 83' lang='grc' dir='ltr'><strong><em>οὖν</em></strong></span> <span class='ocrx_word' id='word_1_136' title='bbox 1286 1573 1362 1644; x_wconf 90' lang='grc' dir='ltr'><strong><em>τὸ</em></strong></span> <span class='ocrx_word' id='word_1_137' title='bbox 1411 1581 1502 1643; x_wconf 93' lang='grc' dir='ltr'>Μ</span> <span class='ocrx_word' id='word_1_138' title='bbox 1534 1576 1688 1643; x_wconf 79' lang='grc' dir='ltr'><strong><em>ποτὶ</em></strong></span> <span class='ocrx_word' id='word_1_139' title='bbox 1731 1573 1806 1643; x_wconf 90' lang='grc' dir='ltr'><strong><em>τὸ</em></strong></span> <span class='ocrx_word' id='word_1_140' title='bbox 1852 1582 1923 1644; x_wconf 88' lang='grc' dir='ltr'><strong><em>Κ</em></strong></span> <span class='ocrx_word' id='word_1_141' title='bbox 1929 1582 1994 1643; x_wconf 95' lang='grc' dir='ltr'><em>Λ</em></span> <span class='ocrx_word' id='word_1_142' title='bbox 2036 1575 2246 1662; x_wconf 80' lang='grc' dir='ltr'><strong><em>λόγον</em></strong></span> <span class='ocrx_word' id='word_1_143' title='bbox 2288 1581 2444 1664; x_wconf 80' lang='grc' dir='ltr'><strong><em>ἔχει,</em></strong></span> 
     </span>
     <span class='ocr_line' id='line_1_15' title="bbox 413 1678 2444 1769; baseline -0 -17"><span class='ocrx_word' id='word_1_144' title='bbox 413 1680 497 1752; x_wconf 77' lang='grc' dir='ltr'><strong><em>ὃν</em></strong></span> <span class='ocrx_word' id='word_1_145' title='bbox 552 1682 635 1750; x_wconf 85' lang='grc' dir='ltr'><strong><em>τὰ</em></strong></span> <span class='ocrx_word' id='word_1_146' title='bbox 693 1681 787 1769; x_wconf 83' lang='grc' dir='ltr'><strong><em>ιβ’</em></strong></span> <span class='ocrx_word' id='word_1_147' title='bbox 847 1681 998 1750; x_wconf 83' lang='grc' dir='ltr'><strong><em>ποτὶ</em></strong></span> <span class='ocrx_word' id='word_1_148' title='bbox 1052 1679 1133 1749; x_wconf 80' lang='grc' dir='ltr'><strong><em>τὰ</em></strong></span> <span class='ocrx_word' id='word_1_149' title='bbox 1185 1679 1261 1762; x_wconf 77' lang='grc' dir='ltr'><strong><em>ζ’.</em></strong></span> <span class='ocrx_word' id='word_1_150' title='bbox 1350 1678 1428 1748; x_wconf 87' lang='grc' dir='ltr'><strong><em>τὸ</em></strong></span> <span class='ocrx_word' id='word_1_151' title='bbox 1485 1680 1563 1749; x_wconf 73' lang='grc' dir='ltr'><strong><em>δὲ</em></strong></span> <span class='ocrx_word' id='word_1_152' title='bbox 1608 1687 1747 1748; x_wconf 91' lang='grc' dir='ltr'><strong><em>ΚΛ</em></strong></span> <span class='ocrx_word' id='word_1_153' title='bbox 1799 1681 1952 1749; x_wconf 80' lang='grc' dir='ltr'><strong><em>ποτὶ</em></strong></span> <span class='ocrx_word' id='word_1_154' title='bbox 2005 1679 2082 1750; x_wconf 87' lang='grc' dir='ltr'><strong><em>τὸ</em></strong></span> <span class='ocrx_word' id='word_1_155' title='bbox 2129 1689 2191 1749; x_wconf 94' lang='grc' dir='ltr'><em>Λ</em></span> <span class='ocrx_word' id='word_1_156' title='bbox 2236 1681 2444 1768; x_wconf 79' lang='grc' dir='ltr'><strong><em>λόγον</em></strong></span> 
     </span>
     <span class='ocr_line' id='line_1_16' title="bbox 308 1779 2445 1878; baseline 0.003 -26"><span class='ocrx_word' id='word_1_157' title='bbox 308 1801 375 1853; x_wconf 81' lang='lat'><strong><em>15</em></strong></span> <span class='ocrx_word' id='word_1_158' title='bbox 414 1796 568 1878; x_wconf 84' lang='grc' dir='ltr'><strong><em>ἔχει,</em></strong></span> <span class='ocrx_word' id='word_1_159' title='bbox 615 1785 699 1858; x_wconf 78' lang='grc' dir='ltr'><strong><em>ὃν</em></strong></span> <span class='ocrx_word' id='word_1_160' title='bbox 743 1786 825 1857; x_wconf 81' lang='grc' dir='ltr'><strong><em>τὰ</em></strong></span> <span class='ocrx_word' id='word_1_161' title='bbox 874 1787 930 1870; x_wconf 81' lang='grc' dir='ltr'><strong><em>ζ’</em></strong></span> <span class='ocrx_word' id='word_1_162' title='bbox 974 1788 1133 1856; x_wconf 81' lang='grc' dir='ltr'><strong><em>ποτὶ</em></strong></span> <span class='ocrx_word' id='word_1_163' title='bbox 1175 1789 1256 1857; x_wconf 77' lang='grc' dir='ltr'><strong><em>τὰ</em></strong></span> <span class='ocrx_word' id='word_1_164' title='bbox 1304 1785 1390 1860; x_wconf 83' lang='grc' dir='ltr'><strong><em>ς’.</em></strong></span> <span class='ocrx_word' id='word_1_165' title='bbox 1483 1791 1694 1874; x_wconf 79' lang='grc' dir='ltr'><strong><em>δῆλον</em></strong></span> <span class='ocrx_word' id='word_1_166' title='bbox 1740 1779 1890 1874; x_wconf 82' lang='grc' dir='ltr'><strong><em>οὖν,</em></strong></span> <span class='ocrx_word' id='word_1_167' title='bbox 1937 1785 2041 1856; x_wconf 77' lang='grc' dir='ltr'><strong><em>ὅτι</em></strong></span> <span class='ocrx_word' id='word_1_168' title='bbox 2088 1788 2445 1858; x_wconf 79' lang='grc' dir='ltr'><strong><em>διπλάσιόν</em></strong></span> 
     </span>
     <span class='ocr_line' id='line_1_17' title="bbox 413 1892 2448 1984; baseline -0 -19"><span class='ocrx_word' id='word_1_169' title='bbox 413 1900 551 1966; x_wconf 79' lang='grc' dir='ltr'><strong><em>ἐστι</em></strong></span> <span class='ocrx_word' id='word_1_170' title='bbox 604 1895 681 1964; x_wconf 90' lang='grc' dir='ltr'><strong><em>τὸ</em></strong></span> <span class='ocrx_word' id='word_1_171' title='bbox 731 1902 820 1963; x_wconf 94' lang='grc' dir='ltr'><strong><em>Μ</em></strong></span> <span class='ocrx_word' id='word_1_172' title='bbox 862 1899 986 1962; x_wconf 82' lang='grc' dir='ltr'><strong><em>τοῦ</em></strong></span> <span class='ocrx_word' id='word_1_173' title='bbox 1032 1901 1115 1963; x_wconf 87' lang='grc' dir='ltr'><strong><em>Λ.</em></strong></span> <span class='ocrx_word' id='word_1_174' title='bbox 1205 1892 1310 1962; x_wconf 82' lang='grc' dir='ltr'><strong><em>ὅτι</em></strong></span> <span class='ocrx_word' id='word_1_175' title='bbox 1366 1892 1443 1962; x_wconf 73' lang='grc' dir='ltr'><strong><em>δὲ</em></strong></span> <span class='ocrx_word' id='word_1_176' title='bbox 1485 1892 1566 1961; x_wconf 79' lang='grc' dir='ltr'><strong><em>τὰ</em></strong></span> <span class='ocrx_word' id='word_1_177' title='bbox 1615 1892 1905 1981; x_wconf 82' lang='grc' dir='ltr'><strong><em>ἑπόμενα</em></strong></span> <span class='ocrx_word' id='word_1_178' title='bbox 1948 1892 2071 1962; x_wconf 88' lang='grc' dir='ltr'><strong><em>τὸν</em></strong></span> <span class='ocrx_word' id='word_1_179' title='bbox 2115 1899 2251 1964; x_wconf 77' lang='grc' dir='ltr'><strong><em>τῶν</em></strong></span> <span class='ocrx_word' id='word_1_180' title='bbox 2297 1897 2448 1984; x_wconf 80' lang='grc' dir='ltr'><strong><em>ἑξῆς</em></strong></span> 
     </span>
     <span class='ocr_line' id='line_1_18' title="bbox 328 1998 2452 2094; baseline 0.001 -24"><span class='ocrx_word' id='word_1_181' title='bbox 328 2087 337 2094; x_wconf 25' lang='lat'><em>⁶</em></span> <span class='ocrx_word' id='word_1_182' title='bbox 410 2000 728 2091; x_wconf 73' lang='grc' dir='ltr'><strong><em>ἀριθμῶν</em></strong></span> <span class='ocrx_word' id='word_1_183' title='bbox 772 1999 985 2088; x_wconf 77' lang='grc' dir='ltr'><strong><em>λόγον</em></strong></span> <span class='ocrx_word' id='word_1_184' title='bbox 1032 2005 1196 2088; x_wconf 83' lang='grc' dir='ltr'><strong><em>ἔχει,</em></strong></span> <span class='ocrx_word' id='word_1_185' title='bbox 1244 2002 1683 2088; x_wconf 81' lang='grc' dir='ltr'><strong><em>δειχθησέται.</em></strong></span> <span class='ocrx_word' id='word_1_186' title='bbox 1774 1998 1851 2069; x_wconf 86' lang='grc' dir='ltr'><strong><em>τὸ</em></strong></span> <span class='ocrx_word' id='word_1_187' title='bbox 1897 1999 2028 2089; x_wconf 80' lang='grc' dir='ltr'><strong><em>γὰρ</em></strong></span> <span class='ocrx_word' id='word_1_188' title='bbox 2072 2009 2143 2070; x_wconf 88' lang='grc' dir='ltr'><strong><em>Κ</em></strong></span> <span class='ocrx_word' id='word_1_189' title='bbox 2150 2009 2212 2070; x_wconf 93' lang='grc' dir='ltr'><em>Λ</em></span> <span class='ocrx_word' id='word_1_190' title='bbox 2223 2009 2389 2072; x_wconf 92' lang='grc' dir='ltr'><strong><em>ΜΝ</em></strong></span> <span class='ocrx_word' id='word_1_191' title='bbox 2389 2006 2452 2080; x_wconf 72' lang='grc' dir='ltr'><strong><em>Ξ</em></strong></span> 
     </span>
     <span class='ocr_line' id='line_1_19' title="bbox 412 2097 2446 2196; baseline 0 -20"><span class='ocrx_word' id='word_1_192' title='bbox 412 2107 565 2176; x_wconf 84' lang='grc' dir='ltr'><strong><em>ποτὶ</em></strong></span> <span class='ocrx_word' id='word_1_193' title='bbox 609 2103 731 2174; x_wconf 85' lang='grc' dir='ltr'><strong><em>τὸν</em></strong></span> <span class='ocrx_word' id='word_1_194' title='bbox 774 2104 1051 2192; x_wconf 85' lang='grc' dir='ltr'><strong><em>κύκλον,</em></strong></span> <span class='ocrx_word' id='word_1_195' title='bbox 1095 2097 1182 2175; x_wconf 82' lang='grc' dir='ltr'><strong><em>οὖ</em></strong></span> <span class='ocrx_word' id='word_1_196' title='bbox 1219 2109 1402 2174; x_wconf 83' lang='grc' dir='ltr'><strong><em>ἐστιν</em></strong></span> <span class='ocrx_word' id='word_1_197' title='bbox 1440 2108 1512 2173; x_wconf 82' lang='grc' dir='ltr'><strong><em>ἐκ</em></strong></span> <span class='ocrx_word' id='word_1_198' title='bbox 1546 2110 1670 2174; x_wconf 81' lang='grc' dir='ltr'><strong><em>τοῦ</em></strong></span> <span class='ocrx_word' id='word_1_199' title='bbox 1707 2107 1990 2196; x_wconf 80' lang='grc' dir='ltr'><strong><em>κέντρου</em></strong></span> <span class='ocrx_word' id='word_1_200' title='bbox 2026 2104 2069 2176; x_wconf 77' lang='grc' dir='ltr'><em>ἆ</em></span> <span class='ocrx_word' id='word_1_201' title='bbox 2099 2115 2247 2194; x_wconf 89' lang='grc' dir='ltr'><strong><em>ΘΕ,</em></strong></span> <span class='ocrx_word' id='word_1_202' title='bbox 2281 2112 2446 2178; x_wconf 46' lang='grc' dir='ltr'><strong><em>,τοῦ-</em></strong></span> 
     </span>
     <span class='ocr_line' id='line_1_20' title="bbox 412 2208 2442 2300; baseline 0.001 -19"><span class='ocrx_word' id='word_1_203' title='bbox 412 2239 533 2281; x_wconf 93' lang='grc' dir='ltr'><strong><em>τον</em></strong></span> <span class='ocrx_word' id='word_1_204' title='bbox 578 2217 710 2300; x_wconf 80' lang='grc' dir='ltr'><strong><em>ἔχει</em></strong></span> <span class='ocrx_word' id='word_1_205' title='bbox 754 2209 877 2280; x_wconf 85' lang='grc' dir='ltr'><strong><em>τὸν</em></strong></span> <span class='ocrx_word' id='word_1_206' title='bbox 922 2210 1153 2298; x_wconf 75' lang='grc' dir='ltr'><strong><em>λόγον,</em></strong></span> <span class='ocrx_word' id='word_1_207' title='bbox 1200 2208 1285 2281; x_wconf 79' lang='grc' dir='ltr'><strong><em>ὃν</em></strong></span> <span class='ocrx_word' id='word_1_208' title='bbox 1332 2217 1465 2300; x_wconf 81' lang='grc' dir='ltr'><strong><em>ἔχει</em></strong></span> <span class='ocrx_word' id='word_1_209' title='bbox 1511 2211 2028 2300; x_wconf 81' lang='grc' dir='ltr'><strong><em>συναμφότερον</em></strong></span> <span class='ocrx_word' id='word_1_210' title='bbox 2069 2213 2148 2282; x_wconf 87' lang='grc' dir='ltr'><strong><em>τό</em></strong></span> <span class='ocrx_word' id='word_1_211' title='bbox 2194 2240 2264 2282; x_wconf 83' lang='grc' dir='ltr'><strong><em>τε</em></strong></span> <span class='ocrx_word' id='word_1_212' title='bbox 2309 2211 2442 2284; x_wconf 78' lang='grc' dir='ltr'><strong><em>ὑπὸ</em></strong></span> 
     </span>
     <span class='ocr_line' id='line_1_21' title="bbox 306 2317 2444 2409; baseline 0.004 -28"><span class='ocrx_word' id='word_1_213' title='bbox 306 2331 379 2382; x_wconf 83' lang='lat'><strong><em>20</em></strong></span> <span class='ocrx_word' id='word_1_214' title='bbox 413 2322 540 2386; x_wconf 81' lang='grc' dir='ltr'><strong><em>τᾶν</em></strong></span> <span class='ocrx_word' id='word_1_215' title='bbox 588 2326 745 2405; x_wconf 90' lang='grc' dir='ltr'><strong><em>ΕΘ,</em></strong></span> <span class='ocrx_word' id='word_1_216' title='bbox 791 2327 929 2386; x_wconf 91' lang='grc' dir='ltr'><strong><em>ΘΛ</em></strong></span> <span class='ocrx_word' id='word_1_217' title='bbox 982 2318 1460 2408; x_wconf 80' lang='grc' dir='ltr'><strong><em>περιεχόμενον</em></strong></span> <span class='ocrx_word' id='word_1_218' title='bbox 1513 2319 1625 2386; x_wconf 82' lang='grc' dir='ltr'><strong><em>καὶ</em></strong></span> <span class='ocrx_word' id='word_1_219' title='bbox 1679 2317 1756 2387; x_wconf 90' lang='grc' dir='ltr'><strong><em>τὸ</em></strong></span> <span class='ocrx_word' id='word_1_220' title='bbox 1802 2324 2030 2407; x_wconf 84' lang='grc' dir='ltr'><strong><em>τρίτον</em></strong></span> <span class='ocrx_word' id='word_1_221' title='bbox 2076 2321 2277 2409; x_wconf 79' lang='grc' dir='ltr'><strong><em>μέρος</em></strong></span> <span class='ocrx_word' id='word_1_222' title='bbox 2317 2326 2444 2390; x_wconf 83' lang='grc' dir='ltr'><strong><em>τοῦ</em></strong></span> 
     </span>
     <span class='ocr_line' id='line_1_22' title="bbox 413 2422 2444 2516; baseline 0.001 -23"><span class='ocrx_word' id='word_1_223' title='bbox 413 2423 545 2494; x_wconf 77' lang='grc' dir='ltr'><strong><em>ἀπὸ</em></strong></span> <span class='ocrx_word' id='word_1_224' title='bbox 592 2429 711 2505; x_wconf 78' lang='grc' dir='ltr'><strong><em>τᾶς</em></strong></span> <span class='ocrx_word' id='word_1_225' title='bbox 747 2433 815 2492; x_wconf 90' lang='grc' dir='ltr'><em>Δ</em></span> <span class='ocrx_word' id='word_1_226' title='bbox 824 2432 885 2493; x_wconf 90' lang='grc' dir='ltr'><strong><em>Ε</em></strong></span> <span class='ocrx_word' id='word_1_227' title='bbox 929 2427 1350 2514; x_wconf 79' lang='grc' dir='ltr'><strong><em>τετραγώνου</em></strong></span> <span class='ocrx_word' id='word_1_228' title='bbox 1395 2425 1546 2492; x_wconf 82' lang='grc' dir='ltr'><strong><em>ποτὶ</em></strong></span> <span class='ocrx_word' id='word_1_229' title='bbox 1592 2422 1667 2494; x_wconf 86' lang='grc' dir='ltr'><strong><em>τὸ</em></strong></span> <span class='ocrx_word' id='word_1_230' title='bbox 1713 2423 1847 2493; x_wconf 75' lang='grc' dir='ltr'><strong><em>ἀπὸ</em></strong></span> <span class='ocrx_word' id='word_1_231' title='bbox 1894 2429 2011 2506; x_wconf 82' lang='grc' dir='ltr'><strong><em>τᾶς</em></strong></span> <span class='ocrx_word' id='word_1_232' title='bbox 2049 2433 2180 2494; x_wconf 91' lang='grc' dir='ltr'><strong><em>ΘΕ</em></strong></span> <span class='ocrx_word' id='word_1_233' title='bbox 2217 2426 2444 2516; x_wconf 79' lang='grc' dir='ltr'><strong><em>τετρά-</em></strong></span> 
     </span>
     <span class='ocr_line' id='line_1_23' title="bbox 411 2523 2441 2620; baseline 0.001 -21"><span class='ocrx_word' id='word_1_234' title='bbox 411 2556 656 2618; x_wconf 80' lang='grc' dir='ltr'><strong><em>γωνον.</em></strong></span> <span class='ocrx_word' id='word_1_235' title='bbox 730 2527 767 2599; x_wconf 85' lang='grc' dir='ltr'>ὁ</span> <span class='ocrx_word' id='word_1_236' title='bbox 816 2529 893 2598; x_wconf 78' lang='grc' dir='ltr'><strong><em>δὲ</em></strong></span> <span class='ocrx_word' id='word_1_237' title='bbox 936 2529 1201 2616; x_wconf 82' lang='grc' dir='ltr'><strong><em>κύκλος,</em></strong></span> <span class='ocrx_word' id='word_1_238' title='bbox 1248 2523 1333 2599; x_wconf 78' lang='grc' dir='ltr'><strong><em>οὗ</em></strong></span> <span class='ocrx_word' id='word_1_239' title='bbox 1381 2534 1562 2600; x_wconf 83' lang='grc' dir='ltr'><strong><em>ἐστιν</em></strong></span> <span class='ocrx_word' id='word_1_240' title='bbox 1608 2533 1680 2598; x_wconf 82' lang='grc' dir='ltr'><strong><em>ἐκ</em></strong></span> <span class='ocrx_word' id='word_1_241' title='bbox 1724 2534 1848 2599; x_wconf 82' lang='grc' dir='ltr'><strong><em>τοῦ</em></strong></span> <span class='ocrx_word' id='word_1_242' title='bbox 1892 2534 2176 2619; x_wconf 83' lang='grc' dir='ltr'><strong><em>κέντρου</em></strong></span> <span class='ocrx_word' id='word_1_243' title='bbox 2211 2530 2254 2600; x_wconf 80' lang='grc' dir='ltr'><em>ἆ</em></span> <span class='ocrx_word' id='word_1_244' title='bbox 2293 2541 2441 2620; x_wconf 87' lang='grc' dir='ltr'><strong><em>ΘΕ,</em></strong></span> 
     </span>
     <span class='ocr_line' id='line_1_24' title="bbox 412 2629 2443 2725; baseline 0.001 -20"><span class='ocrx_word' id='word_1_245' title='bbox 412 2637 562 2705; x_wconf 81' lang='grc' dir='ltr'><strong><em>ποτὶ</em></strong></span> <span class='ocrx_word' id='word_1_246' title='bbox 606 2635 729 2705; x_wconf 90' lang='grc' dir='ltr'><strong><em>τὸν</em></strong></span> <span class='ocrx_word' id='word_1_247' title='bbox 763 2635 1038 2722; x_wconf 88' lang='grc' dir='ltr'><strong><em>κύκλον,</em></strong></span> <span class='ocrx_word' id='word_1_248' title='bbox 1085 2629 1170 2706; x_wconf 82' lang='grc' dir='ltr'><strong><em>οὗ</em></strong></span> <span class='ocrx_word' id='word_1_249' title='bbox 1209 2640 1391 2707; x_wconf 79' lang='grc' dir='ltr'><strong><em>ἐστιν</em></strong></span> <span class='ocrx_word' id='word_1_250' title='bbox 1429 2641 1502 2706; x_wconf 82' lang='grc' dir='ltr'><strong><em>ἐκ</em></strong></span> <span class='ocrx_word' id='word_1_251' title='bbox 1535 2641 1659 2706; x_wconf 81' lang='grc' dir='ltr'><strong><em>τοῦ</em></strong></span> <span class='ocrx_word' id='word_1_252' title='bbox 1694 2638 1977 2725; x_wconf 83' lang='grc' dir='ltr'><strong><em>κέντρου</em></strong></span> <span class='ocrx_word' id='word_1_253' title='bbox 2013 2636 2056 2705; x_wconf 78' lang='grc' dir='ltr'><strong><em>ἆ</em></strong></span> <span class='ocrx_word' id='word_1_254' title='bbox 2094 2647 2248 2724; x_wconf 91' lang='grc' dir='ltr'><strong><em>ΘΔ,</em></strong></span> <span class='ocrx_word' id='word_1_255' title='bbox 2293 2644 2443 2708; x_wconf 86' lang='grc' dir='ltr'><strong><em>τοῦ-</em></strong></span> 
     </span>
     <span class='ocr_line' id='line_1_25' title="bbox 411 2741 2442 2834; baseline 0.001 -23"><span class='ocrx_word' id='word_1_256' title='bbox 411 2769 533 2812; x_wconf 86' lang='grc' dir='ltr'><strong><em>τον</em></strong></span> <span class='ocrx_word' id='word_1_257' title='bbox 589 2747 721 2832; x_wconf 82' lang='grc' dir='ltr'><strong><em>ἔχει</em></strong></span> <span class='ocrx_word' id='word_1_258' title='bbox 774 2742 896 2812; x_wconf 88' lang='grc' dir='ltr'><strong><em>τὸν</em></strong></span> <span class='ocrx_word' id='word_1_259' title='bbox 951 2743 1190 2831; x_wconf 78' lang='grc' dir='ltr'><strong><em>λόγον,</em></strong></span> <span class='ocrx_word' id='word_1_260' title='bbox 1246 2741 1330 2813; x_wconf 77' lang='grc' dir='ltr'><strong><em>ὃν</em></strong></span> <span class='ocrx_word' id='word_1_261' title='bbox 1385 2743 1460 2813; x_wconf 90' lang='grc' dir='ltr'><strong><em>τὸ</em></strong></span> <span class='ocrx_word' id='word_1_262' title='bbox 1509 2741 1642 2812; x_wconf 78' lang='grc' dir='ltr'><strong><em>ἀπὸ</em></strong></span> <span class='ocrx_word' id='word_1_263' title='bbox 1687 2747 1808 2824; x_wconf 79' lang='grc' dir='ltr'><strong><em>τᾶς</em></strong></span> <span class='ocrx_word' id='word_1_264' title='bbox 1851 2751 1982 2812; x_wconf 89' lang='grc' dir='ltr'><strong><em>ΘΕ</em></strong></span> <span class='ocrx_word' id='word_1_265' title='bbox 2020 2744 2442 2834; x_wconf 74' lang='grc' dir='ltr'><strong><em>τετράγωνον</em></strong></span> 
     </span>
     <span class='ocr_line' id='line_1_26' title="bbox 304 2842 2444 2940; baseline 0.004 -29"><span class='ocrx_word' id='word_1_266' title='bbox 304 2861 375 2912; x_wconf 83' lang='lat'><strong><em>25</em></strong></span> <span class='ocrx_word' id='word_1_267' title='bbox 413 2848 564 2916; x_wconf 81' lang='grc' dir='ltr'><strong><em>ποτὶ</em></strong></span> <span class='ocrx_word' id='word_1_268' title='bbox 618 2848 695 2918; x_wconf 87' lang='grc' dir='ltr'><strong><em>τὸ</em></strong></span> <span class='ocrx_word' id='word_1_269' title='bbox 752 2846 884 2918; x_wconf 77' lang='grc' dir='ltr'><strong><em>ἀπὸ</em></strong></span> <span class='ocrx_word' id='word_1_270' title='bbox 938 2854 1058 2930; x_wconf 69' lang='grc' dir='ltr'><strong><em>τοῖς</em></strong></span> <span class='ocrx_word' id='word_1_271' title='bbox 1103 2858 1239 2918; x_wconf 89' lang='grc' dir='ltr'><strong><em>ΘΔ</em></strong></span> <span class='ocrx_word' id='word_1_272' title='bbox 1292 2848 1732 2940; x_wconf 77' lang='grc' dir='ltr'><strong><em>τετράγωνον.</em></strong></span> <span class='ocrx_word' id='word_1_273' title='bbox 1825 2847 1862 2918; x_wconf 80' lang='grc' dir='ltr'><em>ὃ</em></span> <span class='ocrx_word' id='word_1_274' title='bbox 1911 2849 1987 2918; x_wconf 73' lang='grc' dir='ltr'><strong><em>δὲ</em></strong></span> <span class='ocrx_word' id='word_1_275' title='bbox 2029 2849 2301 2936; x_wconf 80' lang='grc' dir='ltr'><strong><em>κύκλος,</em></strong></span> <span class='ocrx_word' id='word_1_276' title='bbox 2357 2842 2444 2919; x_wconf 82' lang='grc' dir='ltr'><strong><em>ού</em></strong></span> 
     </span>
     <span class='ocr_line' id='line_1_27' title="bbox 415 2953 2442 3046; baseline 0.001 -23"><span class='ocrx_word' id='word_1_277' title='bbox 415 2958 596 3023; x_wconf 83' lang='grc' dir='ltr'><strong><em>ἐστιν</em></strong></span> <span class='ocrx_word' id='word_1_278' title='bbox 641 2958 713 3023; x_wconf 82' lang='grc' dir='ltr'><strong><em>ἐκ</em></strong></span> <span class='ocrx_word' id='word_1_279' title='bbox 755 2959 880 3023; x_wconf 85' lang='grc' dir='ltr'><strong><em>τοῦ</em></strong></span> <span class='ocrx_word' id='word_1_280' title='bbox 926 2957 1207 3042; x_wconf 79' lang='grc' dir='ltr'><strong><em>κέντρου</em></strong></span> <span class='ocrx_word' id='word_1_281' title='bbox 1252 2953 1295 3024; x_wconf 77' lang='grc' dir='ltr'><strong><em>ἆ</em></strong></span> <span class='ocrx_word' id='word_1_282' title='bbox 1336 2964 1490 3043; x_wconf 90' lang='grc' dir='ltr'><strong><em>ΔΘ,</em></strong></span> <span class='ocrx_word' id='word_1_283' title='bbox 1537 2955 1688 3024; x_wconf 84' lang='grc' dir='ltr'><strong><em>ποτὶ</em></strong></span> <span class='ocrx_word' id='word_1_284' title='bbox 1734 2954 1809 3024; x_wconf 90' lang='grc' dir='ltr'><strong><em>τὸ</em></strong></span> <span class='ocrx_word' id='word_1_285' title='bbox 1848 2963 2164 3025; x_wconf 88' lang='grc' dir='ltr'><em>ΚΛΜΝ</em></span> <span class='ocrx_word' id='word_1_286' title='bbox 2191 2962 2442 3046; x_wconf 84' lang='grc' dir='ltr'><strong><em>χωρίον</em></strong></span> 
     </span>
     <span class='ocr_line' id='line_1_28' title="bbox 414 3059 2442 3153; baseline 0.002 -26"><span class='ocrx_word' id='word_1_287' title='bbox 414 3065 657 3129; x_wconf 84' lang='grc' dir='ltr'><strong><em>τοῦτον</em></strong></span> <span class='ocrx_word' id='word_1_288' title='bbox 704 3066 834 3147; x_wconf 83' lang='grc' dir='ltr'><strong><em>ἔχει</em></strong></span> <span class='ocrx_word' id='word_1_289' title='bbox 879 3059 1001 3129; x_wconf 89' lang='grc' dir='ltr'><strong><em>τὸν</em></strong></span> <span class='ocrx_word' id='word_1_290' title='bbox 1046 3059 1286 3148; x_wconf 79' lang='grc' dir='ltr'><strong><em>λόγον,</em></strong></span> <span class='ocrx_word' id='word_1_291' title='bbox 1343 3059 1428 3131; x_wconf 74' lang='grc' dir='ltr'><strong><em>ὃν</em></strong></span> <span class='ocrx_word' id='word_1_292' title='bbox 1472 3060 1549 3131; x_wconf 90' lang='grc' dir='ltr'><strong><em>τὸ</em></strong></span> <span class='ocrx_word' id='word_1_293' title='bbox 1595 3059 1730 3132; x_wconf 79' lang='grc' dir='ltr'><strong><em>ἀπὸ</em></strong></span> <span class='ocrx_word' id='word_1_294' title='bbox 1774 3068 1896 3143; x_wconf 79' lang='grc' dir='ltr'><strong><em>τᾶς</em></strong></span> <span class='ocrx_word' id='word_1_295' title='bbox 1940 3071 2076 3131; x_wconf 90' lang='grc' dir='ltr'><strong><em>ΘΔ</em></strong></span> <span class='ocrx_word' id='word_1_296' title='bbox 2119 3063 2442 3153; x_wconf 77' lang='grc' dir='ltr'><strong><em>τετράγω-</em></strong></span> 
     </span>
    </p>
   </div>
   <div class='ocr_carea' id='block_1_3' title="bbox 413 3179 839 3188">
    <p class='ocr_par' dir='ltr' id='par_1_3' title="bbox 413 3179 839 3188">
     <span class='ocr_line' id='line_1_29' title="bbox 413 3179 839 3188; baseline 0 779"><span class='ocrx_word' id='word_1_297' title='bbox 413 3179 839 3188; x_wconf 95' lang='lat' dir='ltr'><strong><em> </em></strong></span> 
     </span>
    </p>
   </div>
   <div class='ocr_carea' id='block_1_4' title="bbox 410 3218 2484 3577">
    <p class='ocr_par' dir='ltr' id='par_1_4' title="bbox 410 3218 2484 3577">
     <span class='ocr_line' id='line_1_30' title="bbox 557 3218 2442 3292; baseline 0.002 -18"><span class='ocrx_word' id='word_1_298' title='bbox 557 3227 607 3274; x_wconf 81' lang='lat'><strong><em>2.</em></strong></span> <span class='ocrx_word' id='word_1_299' title='bbox 644 3239 745 3288; x_wconf 83' lang='grc' dir='ltr'><strong><em>της</em></strong></span> <span class='ocrx_word' id='word_1_300' title='bbox 783 3221 891 3274; x_wconf 90' lang='grc' dir='ltr'><strong><em>ΓΘ</em></strong></span> <span class='ocrx_word' id='word_1_301' title='bbox 926 3219 994 3288; x_wconf 72' lang='lat'><strong><em>1¹¹3</em></strong></span> <span class='ocrx_word' id='word_1_302' title='bbox 1033 3237 1170 3277; x_wconf 80' lang='lat' dir='ltr'>corr.</span> <span class='ocrx_word' id='word_1_303' title='bbox 1211 3221 1507 3278; x_wconf 78' lang='lat' dir='ltr'><strong>Torellius.</strong></span> <span class='ocrx_word' id='word_1_304' title='bbox 1654 3231 1701 3279; x_wconf 87' lang='grc'><strong><em>’1.</em></strong></span> <span class='ocrx_word' id='word_1_305' title='bbox 1741 3222 1839 3278; x_wconf 79' lang='grc' dir='ltr'><strong><em>καὶ</em></strong></span> <span class='ocrx_word' id='word_1_306' title='bbox 1875 3218 1939 3278; x_wconf 82' lang='grc' dir='ltr'><strong><em>τὸ</em></strong></span> <span class='ocrx_word' id='word_1_307' title='bbox 1979 3227 2169 3278; x_wconf 82' lang='grc' dir='ltr'><strong><em>ΚΛΜ</em></strong></span> <span class='ocrx_word' id='word_1_308' title='bbox 2197 3218 2312 3292; x_wconf 81' lang='grc' dir='ltr'><strong><em>ἄρα</em></strong></span> <span class='ocrx_word' id='word_1_309' title='bbox 2347 3242 2442 3278; x_wconf 76' lang='lat' dir='ltr'><strong><em>us-</em></strong></span> 
     </span>
     <span class='ocr_line' id='line_1_31' title="bbox 411 3285 2484 3413; baseline 0.003 -70"><span class='ocrx_word' id='word_1_310' title='bbox 411 3307 521 3413; x_wconf 67' lang='lat'>{³¹¹⁹</span> <span class='ocrx_word' id='word_1_311' title='bbox 560 3290 634 3344; x_wconf 80' lang='lat' dir='ltr'><strong><em>ad</em></strong></span> <span class='ocrx_word' id='word_1_312' title='bbox 669 3290 770 3344; x_wconf 76' lang='grc' dir='ltr'><strong><em>τοῦ</em></strong></span> <span class='ocrx_word' id='word_1_313' title='bbox 808 3285 923 3345; x_wconf 81' lang='grc' dir='ltr'><strong><em>α’πό</em></strong></span> <span class='ocrx_word' id='word_1_314' title='bbox 962 3292 1063 3354; x_wconf 82' lang='grc' dir='ltr'><strong><em>τᾶς</em></strong></span> <span class='ocrx_word' id='word_1_315' title='bbox 1098 3299 1143 3346; x_wconf 86' lang='grc' dir='ltr'><em>Α</em></span> <span class='ocrx_word' id='word_1_316' title='bbox 1154 3297 1197 3346; x_wconf 93' lang='grc' dir='ltr'>Β</span> <span class='ocrx_word' id='word_1_317' title='bbox 1234 3290 1589 3364; x_wconf 77' lang='grc' dir='ltr'><strong><em>τετραγώνου</em></strong></span> <span class='ocrx_word' id='word_1_318' title='bbox 1635 3294 1732 3351; x_wconf 86' lang='lat' dir='ltr'><strong>lin.</strong></span> <span class='ocrx_word' id='word_1_319' title='bbox 1774 3301 1840 3349; x_wconf 88' lang='lat'><strong><em>10</em></strong></span> <span class='ocrx_word' id='word_1_320' title='bbox 1879 3312 1986 3350; x_wconf 89' lang='lat' dir='ltr'><strong><em>om.</em></strong></span> <span class='ocrx_word' id='word_1_321' title='bbox 2024 3294 2098 3361; x_wconf 80' lang='lat' dir='ltr'><strong><em>F,</em></strong></span> <span class='ocrx_word' id='word_1_322' title='bbox 2135 3294 2333 3364; x_wconf 81' lang='lat' dir='ltr'><strong>uulgO‚</strong></span> <span class='ocrx_word' id='word_1_323' title='bbox 2381 3297 2444 3350; x_wconf 72' lang='lat' dir='ltr'><strong><em>et</em></strong></span> <span class='ocrx_word' id='word_1_324' title='bbox 2477 3348 2484 3356; x_wconf 87' lang='grc'><strong><em>,</em></strong></span> 
     </span>
     <span class='ocr_line' id='line_1_32' title="bbox 438 3360 2441 3436; baseline 0.002 -20"><span class='ocrx_word' id='word_1_325' title='bbox 438 3364 651 3416; x_wconf 68' lang='lat' dir='ltr'><strong>orta-se</strong></span> <span class='ocrx_word' id='word_1_326' title='bbox 707 3360 900 3417; x_wconf 73' lang='lat' dir='ltr'><strong>abesse</strong></span> <span class='ocrx_word' id='word_1_327' title='bbox 955 3367 1212 3432; x_wconf 71' lang='lat' dir='ltr'>possunt3</span> <span class='ocrx_word' id='word_1_328' title='bbox 1269 3365 1451 3435; x_wconf 79' lang='lat' dir='ltr'><strong>suppl.</strong></span> <span class='ocrx_word' id='word_1_329' title='bbox 1500 3363 1934 3420; x_wconf 74' lang='lat' dir='ltr'><strong>Commandinus</strong></span> <span class='ocrx_word' id='word_1_330' title='bbox 1991 3365 2124 3436; x_wconf 78' lang='grc' dir='ltr'><strong><em>(τῶν</em></strong></span> <span class='ocrx_word' id='word_1_331' title='bbox 2177 3382 2280 3434; x_wconf 88' lang='lat' dir='ltr'><strong><em>pro</em></strong></span> <span class='ocrx_word' id='word_1_332' title='bbox 2333 3366 2441 3420; x_wconf 82' lang='grc' dir='ltr'><strong><em>τᾶν</em></strong></span> 
     </span>
     <span class='ocr_line' id='line_1_33' title="bbox 410 3430 2439 3506; baseline 0.003 -22"><span class='ocrx_word' id='word_1_333' title='bbox 410 3430 513 3486; x_wconf 88' lang='lat' dir='ltr'><strong>lin.</strong></span> <span class='ocrx_word' id='word_1_334' title='bbox 561 3438 620 3500; x_wconf 80' lang='lat'><strong><em>93</em></strong></span> <span class='ocrx_word' id='word_1_335' title='bbox 677 3449 815 3488; x_wconf 76' lang='lat' dir='ltr'>corr.</span> <span class='ocrx_word' id='word_1_336' title='bbox 861 3433 1185 3504; x_wconf 72' lang='lat' dir='ltr'>Toranius),</span> <span class='ocrx_word' id='word_1_337' title='bbox 1241 3435 1352 3490; x_wconf 79' lang='lat' dir='ltr'><strong>nisi</strong></span> <span class='ocrx_word' id='word_1_338' title='bbox 1389 3436 1540 3506; x_wconf 89' lang='lat' dir='ltr'>quod</span> <span class='ocrx_word' id='word_1_339' title='bbox 1578 3437 1771 3490; x_wconf 77' lang='lat' dir='ltr'>omisit</span> <span class='ocrx_word' id='word_1_340' title='bbox 1805 3431 2160 3506; x_wconf 77' lang='grc' dir='ltr'><strong><em>τετραγώνου</em></strong></span> <span class='ocrx_word' id='word_1_341' title='bbox 2206 3437 2303 3490; x_wconf 86' lang='lat' dir='ltr'><strong>lin.</strong></span> <span class='ocrx_word' id='word_1_342' title='bbox 2354 3442 2439 3505; x_wconf 89' lang='grc'><strong><em>10,</em></strong></span> 
     </span>
     <span class='ocr_line' id='line_1_34' title="bbox 411 3503 2436 3577; baseline 0.002 -22"><span class='ocrx_word' id='word_1_343' title='bbox 411 3503 565 3570; x_wconf 86' lang='lat' dir='ltr'>quod</span> <span class='ocrx_word' id='word_1_344' title='bbox 608 3504 729 3572; x_wconf 84' lang='lat' dir='ltr'><strong>ipse</strong></span> <span class='ocrx_word' id='word_1_345' title='bbox 776 3503 986 3561; x_wconf 80' lang='lat' dir='ltr'>addidi.</span> <span class='ocrx_word' id='word_1_346' title='bbox 1171 3510 1253 3561; x_wconf 90' lang='grc'><strong><em>10.</em></strong></span> <span class='ocrx_word' id='word_1_347' title='bbox 1293 3526 1432 3577; x_wconf 81' lang='grc' dir='ltr'><strong><em>προς</em></strong></span> <span class='ocrx_word' id='word_1_348' title='bbox 1475 3524 1580 3576; x_wconf 82' lang='lat' dir='ltr'><strong><em>per</em></strong></span> <span class='ocrx_word' id='word_1_349' title='bbox 1615 3525 1795 3577; x_wconf 81' lang='lat' dir='ltr'><strong>comp.</strong></span> <span class='ocrx_word' id='word_1_350' title='bbox 1833 3506 1902 3575; x_wconf 69' lang='grc' dir='ltr'><strong><em>Ἐς</em></strong></span> <span class='ocrx_word' id='word_1_351' title='bbox 1963 3524 2102 3562; x_wconf 83' lang='lat' dir='ltr'>corr.</span> <span class='ocrx_word' id='word_1_352' title='bbox 2143 3506 2436 3562; x_wconf 74' lang='lat' dir='ltr'><strong>Torellius.</strong></span> 
     </span>
    </p>
   </div>
  </div>
 </body>
</html>
