<?xml version="1.0" encoding="UTF-8"?>
<!DOCTYPE html PUBLIC "-//W3C//DTD XHTML 1.0 Transitional//EN"
    "http://www.w3.org/TR/xhtml1/DTD/xhtml1-transitional.dtd">
<html xmlns="http://www.w3.org/1999/xhtml" xml:lang="en" lang="en">
 <head>
  <title>
</title>
<meta http-equiv="Content-Type" content="text/html;charset=utf-8" />
  <meta name='ocr-system' content='tesseract 3.04.00' />
  <meta name='ocr-capabilities' content='ocr_page ocr_carea ocr_par ocr_line ocrx_word'/>
</head>
<body>
  <div class='ocr_page' id='page_1' title='image "archimedisopera00heibgoog_0207.png"; bbox 0 0 2659 3967; ppageno 0'>
   <div class='ocr_carea' id='block_1_1' title="bbox 535 171 2273 282">
    <p class='ocr_par' dir='ltr' id='par_1_1' title="bbox 535 171 2273 282">
     <span class='ocr_line' id='line_1_1' title="bbox 535 171 2273 282; baseline 0.005 -12"><span class='ocrx_word' id='word_1_1' title='bbox 535 171 546 175; x_wconf 47' lang='grc'><strong>’</strong></span> <span class='ocrx_word' id='word_1_2' title='bbox 665 216 762 272; x_wconf 83' lang='lat' dir='ltr'>DE</span> <span class='ocrx_word' id='word_1_3' title='bbox 800 214 1214 272; x_wconf 79' lang='lat' dir='ltr'><strong>PLANORUM</strong></span> <span class='ocrx_word' id='word_1_4' title='bbox 1248 215 1738 282; x_wconf 73' lang='lat' dir='ltr'>Asommssmls</span> <span class='ocrx_word' id='word_1_5' title='bbox 1777 216 1845 271; x_wconf 88' lang='lat'>11.</span> <span class='ocrx_word' id='word_1_6' title='bbox 2146 212 2273 279; x_wconf 83' lang='lat'>195</span> 
     </span>
    </p>
   </div>
   <div class='ocr_carea' id='block_1_2' title="bbox 226 335 2277 977">
    <p class='ocr_par' dir='ltr' id='par_1_2' title="bbox 226 335 2277 977">
     <span class='ocr_line' id='line_1_2' title="bbox 371 335 2270 446; baseline -0.001 -20"><span class='ocrx_word' id='word_1_7' title='bbox 371 383 524 426; x_wconf 89' lang='lat' dir='ltr'>nam</span> <span class='ocrx_word' id='word_1_8' title='bbox 578 361 889 446; x_wconf 88' lang='lat' dir='ltr'>quoniam</span> <span class='ocrx_word' id='word_1_9' title='bbox 935 359 1206 445; x_wconf 88' lang='lat' dir='ltr'>trapezii</span> <span class='ocrx_word' id='word_1_10' title='bbox 1253 365 1319 424; x_wconf 90' lang='lat' dir='ltr'><em>A</em></span> <span class='ocrx_word' id='word_1_11' title='bbox 1327 363 1467 425; x_wconf 89' lang='grc' dir='ltr'>ΕΚ</span> <span class='ocrx_word' id='word_1_12' title='bbox 1471 364 1537 426; x_wconf 89' lang='grc' dir='ltr'><em>Γ</em></span> <span class='ocrx_word' id='word_1_13' title='bbox 1575 335 1871 426; x_wconf 79' lang='lat' dir='ltr'>centrum</span> <span class='ocrx_word' id='word_1_14' title='bbox 1919 360 2270 445; x_wconf 84' lang='lat' dir='ltr'>grauitatis</span> 
     </span>
     <span class='ocr_line' id='line_1_3' title="bbox 226 464 2277 554; baseline -0.001 -21"><span class='ocrx_word' id='word_1_15' title='bbox 226 469 306 533; x_wconf 88' lang='lat' dir='ltr'>in</span> <span class='ocrx_word' id='word_1_16' title='bbox 360 469 532 533; x_wconf 86' lang='lat' dir='ltr'>linea</span> <span class='ocrx_word' id='word_1_17' title='bbox 587 473 729 532; x_wconf 92' lang='grc' dir='ltr'>ΛΔ</span> <span class='ocrx_word' id='word_1_18' title='bbox 780 467 1067 550; x_wconf 89' lang='lat' dir='ltr'>positum</span> <span class='ocrx_word' id='word_1_19' title='bbox 1125 471 1229 532; x_wconf 91' lang='lat' dir='ltr'>est</span> <span class='ocrx_word' id='word_1_20' title='bbox 1283 467 1369 551; x_wconf 87' lang='lat' dir='ltr'>[I,</span> <span class='ocrx_word' id='word_1_21' title='bbox 1431 466 1538 549; x_wconf 86' lang='lat'>15]</span> <span class='ocrx_word' id='word_1_22' title='bbox 1554 464 1634 554; x_wconf 85' lang='grc'>1),</span> <span class='ocrx_word' id='word_1_23' title='bbox 1691 467 1962 552; x_wconf 75' lang='lat' dir='ltr'><strong>trapezii</strong></span> <span class='ocrx_word' id='word_1_24' title='bbox 2019 471 2199 531; x_wconf 86' lang='lat' dir='ltr'>EZI</span> <span class='ocrx_word' id='word_1_25' title='bbox 2204 469 2277 531; x_wconf 88' lang='lat' dir='ltr'><strong><em>K</em></strong></span> 
     </span>
     <span class='ocr_line' id='line_1_4' title="bbox 232 573 2269 664; baseline -0.001 -25"><span class='ocrx_word' id='word_1_26' title='bbox 232 575 306 639; x_wconf 88' lang='lat' dir='ltr'>in</span> <span class='ocrx_word' id='word_1_27' title='bbox 365 575 541 638; x_wconf 87' lang='lat' dir='ltr'>linea</span> <span class='ocrx_word' id='word_1_28' title='bbox 596 576 773 656; x_wconf 88' lang='lat' dir='ltr'>MA,</span> <span class='ocrx_word' id='word_1_29' title='bbox 832 573 1106 657; x_wconf 88' lang='lat' dir='ltr'>trapezii</span> <span class='ocrx_word' id='word_1_30' title='bbox 1163 575 1418 638; x_wconf 82' lang='grc' dir='ltr'><em>ΖΗΘΙ</em></span> <span class='ocrx_word' id='word_1_31' title='bbox 1470 574 1556 637; x_wconf 90' lang='lat' dir='ltr'>in.</span> <span class='ocrx_word' id='word_1_32' title='bbox 1599 575 1775 639; x_wconf 87' lang='lat' dir='ltr'>linea</span> <span class='ocrx_word' id='word_1_33' title='bbox 1827 577 2015 656; x_wconf 87' lang='lat' dir='ltr'>MN,</span> <span class='ocrx_word' id='word_1_34' title='bbox 2072 595 2269 664; x_wconf 85' lang='lat' dir='ltr'>porro</span> 
     </span>
     <span class='ocr_line' id='line_1_5' title="bbox 230 679 2270 766; baseline -0.001 -20"><span class='ocrx_word' id='word_1_35' title='bbox 230 681 552 766; x_wconf 70' lang='lat' dir='ltr'>trianguli</span> <span class='ocrx_word' id='word_1_36' title='bbox 589 684 795 745; x_wconf 84' lang='grc' dir='ltr'>ΗΒΘ</span> <span class='ocrx_word' id='word_1_37' title='bbox 839 681 910 744; x_wconf 89' lang='lat' dir='ltr'>in</span> <span class='ocrx_word' id='word_1_38' title='bbox 951 680 1124 744; x_wconf 89' lang='lat' dir='ltr'>linea</span> <span class='ocrx_word' id='word_1_39' title='bbox 1162 682 1308 743; x_wconf 90' lang='lat' dir='ltr'>BN</span> <span class='ocrx_word' id='word_1_40' title='bbox 1340 679 1416 765; x_wconf 92' lang='grc' dir='ltr'>[Ι,</span> <span class='ocrx_word' id='word_1_41' title='bbox 1448 681 1559 764; x_wconf 85' lang='grc'>13;</span> <span class='ocrx_word' id='word_1_42' title='bbox 1596 703 1655 744; x_wconf 90' lang='lat' dir='ltr'>u.</span> <span class='ocrx_word' id='word_1_43' title='bbox 1681 685 1815 746; x_wconf 90' lang='lat' dir='ltr'>not.</span> <span class='ocrx_word' id='word_1_44' title='bbox 1849 682 1933 765; x_wconf 92' lang='grc'>1],</span> <span class='ocrx_word' id='word_1_45' title='bbox 1981 681 2270 766; x_wconf 84' lang='lat' dir='ltr'>adparet,</span> 
     </span>
     <span class='ocr_line' id='line_1_6' title="bbox 234 785 2269 872; baseline -0.002 -19"><span class='ocrx_word' id='word_1_46' title='bbox 234 789 437 853; x_wconf 87' lang='lat' dir='ltr'>etiam</span> <span class='ocrx_word' id='word_1_47' title='bbox 493 787 698 852; x_wconf 90' lang='lat' dir='ltr'>totius</span> <span class='ocrx_word' id='word_1_48' title='bbox 753 786 1000 871; x_wconf 86' lang='lat' dir='ltr'>figurae</span> <span class='ocrx_word' id='word_1_49' title='bbox 1047 785 1419 851; x_wconf 75' lang='lat' dir='ltr'>rectilineae</span> <span class='ocrx_word' id='word_1_50' title='bbox 1468 790 1760 851; x_wconf 79' lang='lat' dir='ltr'>centrum</span> <span class='ocrx_word' id='word_1_51' title='bbox 1808 787 2154 872; x_wconf 84' lang='lat' dir='ltr'>grauitatis</span> <span class='ocrx_word' id='word_1_52' title='bbox 2199 786 2269 849; x_wconf 88' lang='lat' dir='ltr'>in</span> 
     </span>
     <span class='ocr_line' id='line_1_7' title="bbox 231 892 1803 977; baseline 0.001 -19"><span class='ocrx_word' id='word_1_53' title='bbox 231 894 408 960; x_wconf 84' lang='lat' dir='ltr'>linea</span> <span class='ocrx_word' id='word_1_54' title='bbox 453 896 591 957; x_wconf 87' lang='lat' dir='ltr'>BA</span> <span class='ocrx_word' id='word_1_55' title='bbox 633 893 919 977; x_wconf 87' lang='lat' dir='ltr'>positum</span> <span class='ocrx_word' id='word_1_56' title='bbox 967 914 1107 957; x_wconf 91' lang='lat' dir='ltr'>esse</span> <span class='ocrx_word' id='word_1_57' title='bbox 1156 893 1298 973; x_wconf 90' lang='lat' dir='ltr'>[cfr.</span> <span class='ocrx_word' id='word_1_58' title='bbox 1346 892 1398 977; x_wconf 96' lang='grc' dir='ltr'>Ι,</span> <span class='ocrx_word' id='word_1_59' title='bbox 1442 893 1487 957; x_wconf 87' lang='lat'><strong>4</strong></span> <span class='ocrx_word' id='word_1_60' title='bbox 1529 896 1666 958; x_wconf 88' lang='lat' dir='ltr'>not.</span> <span class='ocrx_word' id='word_1_61' title='bbox 1717 895 1803 976; x_wconf 92' lang='grc'>1].</span> 
     </span>
    </p>
   </div>
   <div class='ocr_carea' id='block_1_3' title="bbox 1190 1121 1311 1187">
    <p class='ocr_par' dir='ltr' id='par_1_3' title="bbox 1190 1121 1311 1187">
     <span class='ocr_line' id='line_1_8' title="bbox 1190 1121 1311 1187; baseline 0 0"><span class='ocrx_word' id='word_1_62' title='bbox 1190 1121 1311 1187; x_wconf 91' lang='grc' dir='ltr'>ΠΙ.</span> 
     </span>
    </p>
   </div>
   <div class='ocr_carea' id='block_1_4' title="bbox 227 1245 2269 2290">
    <p class='ocr_par' dir='ltr' id='par_1_4' title="bbox 227 1245 2269 1844">
     <span class='ocr_line' id='line_1_9' title="bbox 369 1245 2265 1334; baseline 0.001 -22"><span class='ocrx_word' id='word_1_63' title='bbox 369 1245 560 1312; x_wconf 86' lang='lat' dir='ltr'>Datis</span> <span class='ocrx_word' id='word_1_64' title='bbox 607 1247 861 1312; x_wconf 88' lang='lat' dir='ltr'>duobus</span> <span class='ocrx_word' id='word_1_65' title='bbox 910 1247 1260 1332; x_wconf 81' lang='lat' dir='ltr'>segmentis</span> <span class='ocrx_word' id='word_1_66' title='bbox 1301 1248 1679 1331; x_wconf 81' lang='lat' dir='ltr'>aequalibus</span> <span class='ocrx_word' id='word_1_67' title='bbox 1690 1245 1745 1334; x_wconf 75' lang='lat'>²)</span> <span class='ocrx_word' id='word_1_68' title='bbox 1784 1249 2265 1332; x_wconf 84' lang='lat' dir='ltr'>comprehensis</span> 
     </span>
     <span class='ocr_line' id='line_1_10' title="bbox 229 1353 2268 1440; baseline 0 -22"><span class='ocrx_word' id='word_1_69' title='bbox 229 1353 408 1419; x_wconf 89' lang='lat' dir='ltr'>linea</span> <span class='ocrx_word' id='word_1_70' title='bbox 444 1357 624 1419; x_wconf 86' lang='lat' dir='ltr'>recta</span> <span class='ocrx_word' id='word_1_71' title='bbox 660 1357 726 1418; x_wconf 92' lang='lat' dir='ltr'>et</span> <span class='ocrx_word' id='word_1_72' title='bbox 763 1353 1051 1419; x_wconf 88' lang='lat' dir='ltr'>sectione</span> <span class='ocrx_word' id='word_1_73' title='bbox 1088 1353 1236 1419; x_wconf 91' lang='lat' dir='ltr'>coni</span> <span class='ocrx_word' id='word_1_74' title='bbox 1262 1355 1644 1439; x_wconf 80' lang='lat' dir='ltr'>rectangufi,</span> <span class='ocrx_word' id='word_1_75' title='bbox 1684 1355 1741 1418; x_wconf 90' lang='lat' dir='ltr'>si</span> <span class='ocrx_word' id='word_1_76' title='bbox 1770 1355 2030 1438; x_wconf 88' lang='lat' dir='ltr'>utrique</span> <span class='ocrx_word' id='word_1_77' title='bbox 2057 1355 2268 1440; x_wconf 85' lang='lat' dir='ltr'>figura</span> 
     </span>
     <span class='ocr_line' id='line_1_11' title="bbox 227 1458 2269 1546; baseline 0.001 -22"><span class='ocrx_word' id='word_1_78' title='bbox 227 1460 572 1527; x_wconf 86' lang='lat' dir='ltr'>rectilinea</span> <span class='ocrx_word' id='word_1_79' title='bbox 614 1460 884 1544; x_wconf 89' lang='lat' dir='ltr'>proprie·</span> <span class='ocrx_word' id='word_1_80' title='bbox 923 1458 1325 1544; x_wconf 87' lang='lat' dir='ltr'>inscribitur,</span> <span class='ocrx_word' id='word_1_81' title='bbox 1373 1463 1438 1526; x_wconf 87' lang='lat' dir='ltr'>et</span> <span class='ocrx_word' id='word_1_82' title='bbox 1481 1461 1729 1545; x_wconf 86' lang='lat' dir='ltr'>figurae</span> <span class='ocrx_word' id='word_1_83' title='bbox 1777 1461 2130 1546; x_wconf 85' lang='lat' dir='ltr'>inscriptae</span> <span class='ocrx_word' id='word_1_84' title='bbox 2176 1462 2269 1526; x_wconf 89' lang='lat' dir='ltr'>la-</span> 
     </span>
     <span class='ocr_line' id='line_1_12' title="bbox 228 1550 2265 1652; baseline 0 -21"><span class='ocrx_word' id='word_1_85' title='bbox 228 1571 378 1631; x_wconf 86' lang='lat' dir='ltr'>tera</span> <span class='ocrx_word' id='word_1_86' title='bbox 431 1588 702 1632; x_wconf 89' lang='lat' dir='ltr'>numero</span> <span class='ocrx_word' id='word_1_87' title='bbox 757 1567 932 1631; x_wconf 90' lang='lat' dir='ltr'>inter</span> <span class='ocrx_word' id='word_1_88' title='bbox 987 1588 1057 1630; x_wconf 89' lang='lat' dir='ltr'>se</span> <span class='ocrx_word' id='word_1_89' title='bbox 1103 1566 1405 1650; x_wconf 87' lang='lat' dir='ltr'>aequalia</span> <span class='ocrx_word' id='word_1_90' title='bbox 1449 1567 1726 1652; x_wconf 88' lang='lat' dir='ltr'>habent,</span> <span class='ocrx_word' id='word_1_91' title='bbox 1782 1570 2003 1632; x_wconf 86' lang='lat' dir='ltr'>centra</span> <span class='ocrx_word' id='word_1_92' title='bbox 2047 1550 2265 1652; x_wconf 37' lang='lat' dir='ltr'>graui-¹</span> 
     </span>
     <span class='ocr_line' id='line_1_13' title="bbox 229 1671 2264 1760; baseline 0 -23"><span class='ocrx_word' id='word_1_93' title='bbox 229 1675 448 1738; x_wconf 89' lang='lat' dir='ltr'>tatum</span> <span class='ocrx_word' id='word_1_94' title='bbox 494 1673 852 1760; x_wconf 86' lang='lat' dir='ltr'>figurarum</span> <span class='ocrx_word' id='word_1_95' title='bbox 899 1672 1204 1737; x_wconf 87' lang='lat' dir='ltr'>similiter</span> <span class='ocrx_word' id='word_1_96' title='bbox 1249 1671 1603 1737; x_wconf 87' lang='lat' dir='ltr'>diametros</span> <span class='ocrx_word' id='word_1_97' title='bbox 1643 1676 2128 1756; x_wconf 85' lang='lat' dir='ltr'>segmentorum</span> <span class='ocrx_word' id='word_1_98' title='bbox 2166 1694 2264 1738; x_wconf 90' lang='lat' dir='ltr'>se-</span> 
     </span>
     <span class='ocr_line' id='line_1_14' title="bbox 232 1783 404 1844; baseline 0 0"><span class='ocrx_word' id='word_1_99' title='bbox 232 1783 404 1844; x_wconf 87' lang='lat' dir='ltr'>cant.</span> 
     </span>
    </p>

    <p class='ocr_par' dir='ltr' id='par_1_5' title="bbox 227 1885 2265 2290">
     <span class='ocr_line' id='line_1_15' title="bbox 367 1885 2265 1971; baseline 0 -21"><span class='ocrx_word' id='word_1_100' title='bbox 367 1885 492 1951; x_wconf 88' lang='lat' dir='ltr'>duo</span> <span class='ocrx_word' id='word_1_101' title='bbox 548 1889 890 1971; x_wconf 84' lang='lat' dir='ltr'>segmenta</span> <span class='ocrx_word' id='word_1_102' title='bbox 935 1886 1066 1952; x_wconf 91' lang='lat' dir='ltr'>sint</span> <span class='ocrx_word' id='word_1_103' title='bbox 1110 1888 1332 1969; x_wconf 85' lang='grc' dir='ltr'><strong><em>ΑΒΓ,</em></strong></span> <span class='ocrx_word' id='word_1_104' title='bbox 1385 1885 1618 1970; x_wconf 75' lang='grc' dir='ltr'>ΞΟΠ,</span> <span class='ocrx_word' id='word_1_105' title='bbox 1672 1889 1739 1950; x_wconf 92' lang='lat' dir='ltr'>et</span> <span class='ocrx_word' id='word_1_106' title='bbox 1784 1886 1866 1951; x_wconf 89' lang='lat' dir='ltr'>iis</span> <span class='ocrx_word' id='word_1_107' title='bbox 1914 1885 2265 1965; x_wconf 78' lang='lat' dir='ltr'>inscriban-</span> 
     </span>
     <span class='ocr_line' id='line_1_16' title="bbox 229 1992 2259 2078; baseline 0 -23"><span class='ocrx_word' id='word_1_108' title='bbox 229 1995 356 2056; x_wconf 79' lang='lat' dir='ltr'>tur‘</span> <span class='ocrx_word' id='word_1_109' title='bbox 392 1993 657 2076; x_wconf 89' lang='lat' dir='ltr'>proprie</span> <span class='ocrx_word' id='word_1_110' title='bbox 709 1993 956 2078; x_wconf 84' lang='lat' dir='ltr'>figurae</span> <span class='ocrx_word' id='word_1_111' title='bbox 1012 1992 1412 2073; x_wconf 88' lang='lat' dir='ltr'>rectilineae,</span> <span class='ocrx_word' id='word_1_112' title='bbox 1468 1997 1535 2056; x_wconf 88' lang='lat' dir='ltr'>et</span> <span class='ocrx_word' id='word_1_113' title='bbox 1579 2013 1919 2057; x_wconf 89' lang='lat' dir='ltr'>numerum</span> <span class='ocrx_word' id='word_1_114' title='bbox 1966 1992 2259 2057; x_wconf 88' lang='lat' dir='ltr'>omnium</span> 
     </span>
     <span class='ocr_line' id='line_1_17' title="bbox 232 2095 2263 2183; baseline 0 -20"><span class='ocrx_word' id='word_1_115' title='bbox 232 2097 426 2163; x_wconf 89' lang='lat' dir='ltr'>simul</span> <span class='ocrx_word' id='word_1_116' title='bbox 479 2099 757 2163; x_wconf 86' lang='lat' dir='ltr'>laterum</span> <span class='ocrx_word' id='word_1_117' title='bbox 812 2099 985 2163; x_wconf 87' lang='lat' dir='ltr'>inter</span> <span class='ocrx_word' id='word_1_118' title='bbox 1039 2119 1109 2162; x_wconf 89' lang='lat' dir='ltr'>se</span> <span class='ocrx_word' id='word_1_119' title='bbox 1164 2099 1503 2182; x_wconf 87' lang='lat' dir='ltr'>aequalem</span> <span class='ocrx_word' id='word_1_120' title='bbox 1559 2095 1918 2183; x_wconf 79' lang='lat' dir='ltr'>habeant.⁸)</span> <span class='ocrx_word' id='word_1_121' title='bbox 2013 2103 2080 2164; x_wconf 90' lang='lat' dir='ltr'>et</span> <span class='ocrx_word' id='word_1_122' title='bbox 2131 2099 2263 2164; x_wconf 88' lang='lat' dir='ltr'>dia-</span> 
     </span>
     <span class='ocr_line' id='line_1_18' title="bbox 227 2205 2264 2290; baseline 0 -20"><span class='ocrx_word' id='word_1_123' title='bbox 227 2205 424 2270; x_wconf 88' lang='lat' dir='ltr'>metri</span> <span class='ocrx_word' id='word_1_124' title='bbox 471 2209 954 2290; x_wconf 85' lang='lat' dir='ltr'>segmentorum</span> <span class='ocrx_word' id='word_1_125' title='bbox 1003 2206 1134 2268; x_wconf 87' lang='lat' dir='ltr'>sint</span> <span class='ocrx_word' id='word_1_126' title='bbox 1177 2208 1343 2287; x_wconf 89' lang='grc' dir='ltr'>ΒΛ,</span> <span class='ocrx_word' id='word_1_127' title='bbox 1392 2208 1539 2289; x_wconf 92' lang='grc' dir='ltr'>ΟΡ,</span> <span class='ocrx_word' id='word_1_128' title='bbox 1586 2209 1652 2270; x_wconf 93' lang='lat' dir='ltr'>et</span> <span class='ocrx_word' id='word_1_129' title='bbox 1699 2205 2010 2270; x_wconf 84' lang='lat' dir='ltr'>ducantur</span> <span class='ocrx_word' id='word_1_130' title='bbox 2053 2206 2264 2271; x_wconf 85' lang='lat' dir='ltr'>lineae</span> 
     </span>
    </p>
   </div>
   <div class='ocr_carea' id='block_1_5' title="bbox 229 2311 2264 2395">
    <p class='ocr_par' dir='ltr' id='par_1_6' title="bbox 229 2311 2264 2395">
     <span class='ocr_line' id='line_1_19' title="bbox 229 2311 2264 2395; baseline 0.001 -21"><span class='ocrx_word' id='word_1_131' title='bbox 229 2312 384 2394; x_wconf 90' lang='grc' dir='ltr'>ΕΚ,</span> <span class='ocrx_word' id='word_1_132' title='bbox 443 2314 575 2395; x_wconf 92' lang='grc' dir='ltr'>ΖΙ,</span> <span class='ocrx_word' id='word_1_133' title='bbox 632 2315 766 2375; x_wconf 80' lang='grc' dir='ltr'>ΗΘ</span> <span class='ocrx_word' id='word_1_134' title='bbox 827 2313 895 2374; x_wconf 92' lang='lat' dir='ltr'>et</span> <span class='ocrx_word' id='word_1_135' title='bbox 948 2314 1109 2395; x_wconf 88' lang='grc' dir='ltr'>ΣΤ,</span> <span class='ocrx_word' id='word_1_136' title='bbox 1169 2315 1324 2394; x_wconf 76' lang='grc' dir='ltr'>ΤΦ,</span> <span class='ocrx_word' id='word_1_137' title='bbox 1380 2315 1545 2376; x_wconf 82' lang='grc' dir='ltr'>ΧΨ.</span> <span class='ocrx_word' id='word_1_138' title='bbox 1636 2311 1769 2376; x_wconf 87' lang='lat' dir='ltr'>iam</span> <span class='ocrx_word' id='word_1_139' title='bbox 1832 2311 2141 2395; x_wconf 88' lang='lat' dir='ltr'>quoniam</span> <span class='ocrx_word' id='word_1_140' title='bbox 2198 2318 2264 2377; x_wconf 93' lang='lat' dir='ltr'>et</span> 
     </span>
    </p>
   </div>
   <div class='ocr_carea' id='block_1_6' title="bbox 227 2471 658 2480">
    <p class='ocr_par' dir='ltr' id='par_1_7' title="bbox 227 2471 658 2480">
     <span class='ocr_line' id='line_1_20' title="bbox 227 2471 658 2480; baseline 0 0"><span class='ocrx_word' id='word_1_141' title='bbox 227 2471 658 2480; x_wconf 95' lang='lat' dir='ltr'> </span> 
     </span>
    </p>
   </div>
   <div class='ocr_carea' id='block_1_7' title="bbox 223 2555 2261 2856">
    <p class='ocr_par' dir='ltr' id='par_1_8' title="bbox 223 2555 2261 2856">
     <span class='ocr_line' id='line_1_21' title="bbox 372 2555 2259 2627; baseline 0 -17"><span class='ocrx_word' id='word_1_142' title='bbox 372 2555 612 2624; x_wconf 73' lang='lat' dir='ltr'>1)Nam</span> <span class='ocrx_word' id='word_1_143' title='bbox 652 2559 867 2611; x_wconf 53' lang='grc' dir='ltr'>ΘΝΕ</span> <span class='ocrx_word' id='word_1_144' title='bbox 898 2559 1042 2618; x_wconf 84' lang='grc' dir='ltr'>ΝΗ,</span> <span class='ocrx_word' id='word_1_145' title='bbox 1085 2560 1285 2610; x_wconf 80' lang='lat' dir='ltr'>1M=</span> <span class='ocrx_word' id='word_1_146' title='bbox 1315 2560 1450 2625; x_wconf 89' lang='lat' dir='ltr'>MZ,</span> <span class='ocrx_word' id='word_1_147' title='bbox 1489 2560 1601 2611; x_wconf 79' lang='grc' dir='ltr'>ΚΛ</span> <span class='ocrx_word' id='word_1_148' title='bbox 1630 2583 1699 2602; x_wconf 88' lang='grc'>.--</span> <span class='ocrx_word' id='word_1_149' title='bbox 1728 2559 1854 2627; x_wconf 80' lang='grc' dir='ltr'>ΛΕ,</span> <span class='ocrx_word' id='word_1_150' title='bbox 1895 2561 1997 2610; x_wconf 83' lang='grc' dir='ltr'>ΓΛ</span> <span class='ocrx_word' id='word_1_151' title='bbox 2025 2582 2093 2601; x_wconf 86' lang='lat'><em>=</em></span> <span class='ocrx_word' id='word_1_152' title='bbox 2123 2563 2259 2624; x_wconf 74' lang='lat' dir='ltr'>AA3</span> 
     </span>
     <span class='ocr_line' id='line_1_22' title="bbox 223 2633 2261 2785; baseline 0 -16"><span class='ocrx_word' id='word_1_153' title='bbox 223 2645 278 2682; x_wconf 45' lang='lat' dir='ltr'>u·</span> <span class='ocrx_word' id='word_1_154' title='bbox 319 2633 538 2784; x_wconf 48' lang='grc' dir='ltr'>Ι).2)19ῐξ.,</span> <span class='ocrx_word' id='word_1_155' title='bbox 574 2633 870 2782; x_wconf 47' lang='grc' dir='ltr'>ὲῖἰέἓεὲἰυες</span> <span class='ocrx_word' id='word_1_156' title='bbox 920 2715 1018 2772; x_wconf 81' lang='lat' dir='ltr'>cfr.</span> <span class='ocrx_word' id='word_1_157' title='bbox 1071 2714 1339 2770; x_wconf 85' lang='lat' dir='ltr'>Zeitschr.</span> <span class='ocrx_word' id='word_1_158' title='bbox 1385 2715 1425 2773; x_wconf 88' lang='lat' dir='ltr'>f.</span> <span class='ocrx_word' id='word_1_159' title='bbox 1473 2716 1679 2785; x_wconf 65' lang='lat' dir='ltr'>Math„</span> <span class='ocrx_word' id='word_1_160' title='bbox 1726 2714 1857 2771; x_wconf 84' lang='lat' dir='ltr'>hist.</span> <span class='ocrx_word' id='word_1_161' title='bbox 1895 2714 2067 2769; x_wconf 88' lang='lat' dir='ltr'>Abth.</span> <span class='ocrx_word' id='word_1_162' title='bbox 2106 2714 2261 2769; x_wconf 90' lang='lat' dir='ltr'>XXV</span> 
     </span>
     <span class='ocr_line' id='line_1_23' title="bbox 223 2785 1261 2856; baseline 0 -14"><span class='ocrx_word' id='word_1_163' title='bbox 223 2803 278 2856; x_wconf 90' lang='lat' dir='ltr'>p.</span> <span class='ocrx_word' id='word_1_164' title='bbox 318 2791 390 2840; x_wconf 82' lang='grc'>46</span> <span class='ocrx_word' id='word_1_165' title='bbox 426 2805 508 2842; x_wconf 91' lang='lat' dir='ltr'>nr.</span> <span class='ocrx_word' id='word_1_166' title='bbox 547 2792 606 2854; x_wconf 82' lang='lat'>83</span> <span class='ocrx_word' id='word_1_167' title='bbox 644 2786 903 2856; x_wconf 87' lang='lat' dir='ltr'>Apollon.</span> <span class='ocrx_word' id='word_1_168' title='bbox 945 2785 1024 2840; x_wconf 90' lang='lat' dir='ltr'>VI</span> <span class='ocrx_word' id='word_1_169' title='bbox 1063 2786 1172 2842; x_wconf 86' lang='lat' dir='ltr'>def.</span> <span class='ocrx_word' id='word_1_170' title='bbox 1213 2793 1261 2842; x_wconf 78' lang='lat'>7.</span> 
     </span>
    </p>
   </div>
   <div class='ocr_carea' id='block_1_8' title="bbox 371 2868 1503 2944">
    <p class='ocr_par' dir='ltr' id='par_1_9' title="bbox 371 2868 1503 2944">
     <span class='ocr_line' id='line_1_24' title="bbox 371 2868 1503 2944; baseline 0.001 -17"><span class='ocrx_word' id='word_1_171' title='bbox 371 2876 424 2942; x_wconf 81' lang='lat'>3)</span> <span class='ocrx_word' id='word_1_172' title='bbox 465 2868 712 2942; x_wconf 67' lang='grc' dir='ltr'><strong><em>ἐχόντων</em></strong></span> <span class='ocrx_word' id='word_1_173' title='bbox 749 2874 846 2928; x_wconf 87' lang='lat' dir='ltr'>lin.</span> <span class='ocrx_word' id='word_1_174' title='bbox 889 2880 953 2930; x_wconf 83' lang='grc'>17</span> <span class='ocrx_word' id='word_1_175' title='bbox 993 2874 1362 2944; x_wconf 86' lang='lat' dir='ltr'>imperatiuus</span> <span class='ocrx_word' id='word_1_176' title='bbox 1400 2876 1503 2930; x_wconf 81' lang='lat' dir='ltr'>est.</span> 
     </span>
    </p>
   </div>
   <div class='ocr_carea' id='block_1_9' title="bbox 221 3103 2261 3320">
    <p class='ocr_par' dir='ltr' id='par_1_10' title="bbox 221 3103 2261 3320">
     <span class='ocr_line' id='line_1_25' title="bbox 225 3103 2257 3175; baseline 0 -17"><span class='ocrx_word' id='word_1_177' title='bbox 225 3111 313 3160; x_wconf 83' lang='lat'>12.</span> <span class='ocrx_word' id='word_1_178' title='bbox 351 3107 613 3173; x_wconf 72' lang='grc' dir='ltr'>αλληλαις</span> <span class='ocrx_word' id='word_1_179' title='bbox 647 3103 770 3160; x_wconf 81' lang='lat' dir='ltr'>FV.</span> <span class='ocrx_word' id='word_1_180' title='bbox 949 3112 1030 3161; x_wconf 84' lang='lat'>14.</span> <span class='ocrx_word' id='word_1_181' title='bbox 1070 3126 1344 3175; x_wconf 77' lang='grc' dir='ltr'><strong><em>τεμνωντι</em></strong></span> <span class='ocrx_word' id='word_1_182' title='bbox 1377 3107 1438 3162; x_wconf 81' lang='lat' dir='ltr'>F.</span> <span class='ocrx_word' id='word_1_183' title='bbox 1608 3112 1689 3162; x_wconf 88' lang='grc'>16.</span> <span class='ocrx_word' id='word_1_184' title='bbox 1730 3105 1829 3160; x_wconf 76' lang='grc' dir='ltr'>καὶ</span> <span class='ocrx_word' id='word_1_185' title='bbox 1864 3105 1995 3175; x_wconf 76' lang='grc' dir='ltr'>τᾶν]</span> <span class='ocrx_word' id='word_1_186' title='bbox 2034 3105 2141 3160; x_wconf 89' lang='lat' dir='ltr'>scri</span> <span class='ocrx_word' id='word_1_187' title='bbox 2183 3107 2257 3174; x_wconf 70' lang='grc' dir='ltr'>εἰς</span> 
     </span>
     <span class='ocr_line' id='line_1_26' title="bbox 221 3173 2261 3246; baseline 0 -16"><span class='ocrx_word' id='word_1_188' title='bbox 221 3195 371 3231; x_wconf 75' lang='grc' dir='ltr'><strong><em>κατα</em></strong></span> <span class='ocrx_word' id='word_1_189' title='bbox 407 3173 471 3246; x_wconf 79' lang='lat' dir='ltr'>F,</span> <span class='ocrx_word' id='word_1_190' title='bbox 508 3175 698 3246; x_wconf 79' lang='lat' dir='ltr'>uulgo,</span> <span class='ocrx_word' id='word_1_191' title='bbox 844 3178 1036 3239; x_wconf 79' lang='grc' dir='ltr'><strong><em>πᾶσας</em></strong></span> <span class='ocrx_word' id='word_1_192' title='bbox 1067 3173 1316 3244; x_wconf 75' lang='grc' dir='ltr'><strong><em>πλευράς</em></strong></span> <span class='ocrx_word' id='word_1_193' title='bbox 1354 3177 1648 3232; x_wconf 83' lang='lat' dir='ltr'>Torellius.</span> <span class='ocrx_word' id='word_1_194' title='bbox 1792 3183 1874 3233; x_wconf 77' lang='lat'>1⁷.</span> <span class='ocrx_word' id='word_1_195' title='bbox 1915 3175 2117 3246; x_wconf 77' lang='grc' dir='ltr'><strong><em>ἔχοντα</em></strong></span> <span class='ocrx_word' id='word_1_196' title='bbox 2200 3193 2261 3231; x_wconf 93' lang='lat' dir='ltr'>o-</span> 
     </span>
     <span class='ocr_line' id='line_1_27' title="bbox 221 3246 2149 3320; baseline 0.001 -19"><span class='ocrx_word' id='word_1_197' title='bbox 221 3247 433 3302; x_wconf 83' lang='lat' dir='ltr'>rellius.</span> <span class='ocrx_word' id='word_1_198' title='bbox 582 3251 836 3316; x_wconf 75' lang='grc' dir='ltr'><strong><em>αλληλοις</em></strong></span> <span class='ocrx_word' id='word_1_199' title='bbox 871 3248 941 3315; x_wconf 72' lang='grc' dir='ltr'>Ἐς</span> <span class='ocrx_word' id='word_1_200' title='bbox 979 3265 1119 3303; x_wconf 87' lang='lat' dir='ltr'>corr.</span> <span class='ocrx_word' id='word_1_201' title='bbox 1157 3247 1452 3304; x_wconf 86' lang='lat' dir='ltr'>Torellius.</span> <span class='ocrx_word' id='word_1_202' title='bbox 1602 3254 1683 3306; x_wconf 85' lang='lat'>19.</span> <span class='ocrx_word' id='word_1_203' title='bbox 1725 3253 1768 3303; x_wconf 94' lang='grc' dir='ltr'>Ζ</span> <span class='ocrx_word' id='word_1_204' title='bbox 1787 3249 1848 3320; x_wconf 90' lang='lat' dir='ltr'>I]</span> <span class='ocrx_word' id='word_1_205' title='bbox 1890 3252 1999 3302; x_wconf 89' lang='grc' dir='ltr'>ΖΓ</span> <span class='ocrx_word' id='word_1_206' title='bbox 2029 3246 2149 3303; x_wconf 81' lang='lat' dir='ltr'>FV.</span> 
     </span>
    </p>
   </div>
  </div>
 </body>
</html>
