2659 3967
516 201 614 256 DE
651 163 997 268 nszUAE
1033 199 1114 254 m
1150 197 1444 254 nummo
1481 195 1909 253 UEHUNTUR.
2106 196 2238 262 365

540 380 967 446 Theorema
1010 377 1160 444 IIII.
1250 379 1706 464 Propositio
1754 377 1907 444 1111.

341 497 735 571 Solidarum⁸
756 505 1276 592 magnitudinum
1324 525 1743 591 quaecunque
1787 505 1996 572 leuior
2041 505 2241 571 fuerit

204 611 476 692 humidi,
522 609 792 677 dimissa
827 611 897 677 in
929 609 1268 676 humidum
1303 631 1437 676 non
1474 609 1884 698 demergetur
1919 617 2080 698 tota,
2127 611 2238 677 sed

204 719 329 782 erit
375 717 622 803 aliquid
666 717 871 802 ipsius
918 721 1104 784 extra
1150 719 1554 802 superficiem
1598 719 1865 784 humidi.

342 824 431 889 sit
491 825 665 890 enim
728 825 941 891 solida
1000 825 1381 910 magnitudo
1437 825 1647 892 leuior
1699 826 1968 892 humido
2025 829 2090 890 et
2145 826 2239 890 di-
2277 843 2310 891 5

205 930 411 994 missa
455 931 529 995 in
571 931 928 998 humidum.
1001 931 1418 1018 demergatur
1458 935 1623 1016 tota,
1671 933 1726 997 si
1769 929 2084 1017 possibile
2123 937 2242 1016 est,

205 1040 276 1102 >et
320 1037 492 1101 nihil
536 1038 743 1124 ipsius
790 1039 877 1102 sit
923 1041 1108 1103 extra
1144 1039 1549 1124 superficiem
1583 1038 1855 1104 humidi.
1925 1041 2242 1106 consistat

206 1147 433 1208 autem
477 1143 819 1209 humidum
863 1143 986 1228 ita,
1033 1147 1107 1208 ut
1150 1149 1414 1210 maneat
1457 1168 1592 1212 non
1635 1149 1906 1212 motum.
1997 1147 2240 1212 intelli-

214 1254 409 1335 gatur
446 1251 646 1315 etiam
684 1249 950 1334 aliquod
985 1249 1253 1334 planum
1290 1252 1590 1317 eductum
1625 1275 1743 1338 per
1779 1256 2074 1318 centrum
2109 1257 2241 1319 ter-

205 1378 320 1422 rae
384 1359 449 1420 et
505 1377 622 1441 per
675 1355 1014 1421 humidum
1078 1359 1144 1420 et
1198 1378 1317 1441 per
1373 1357 1652 1424 solidam
1706 1360 2238 1446 magnitudinem.
2281 1375 2348 1424 10

1486 1467 1739 1530 secetur
1754 1470 1975 1531 autem
1993 1488 2032 1531 a
2043 1465 2256 1550 plano

1483 1569 1608 1636 hoc
1674 1571 2042 1655 superficies
2099 1573 2240 1656 qui-

1483 1677 1632 1741 dem
1699 1677 1952 1745 humidi
2017 1699 2242 1743 secun-

1551 1785 1705 1850 dum
1772 1785 2178 1868 superficiem

1485 1890 1808 1976 ABGD,
1869 1889 2080 1956 solida
2127 1912 2240 1955 au·
2283 1905 2348 1956 15

1486 2003 1624 2064 tem
1685 1996 2066 2084 magnitudo
2124 2019 2241 2082 per

1485 2107 1766 2192 figuram
1811 2105 1883 2170 in
1925 2103 2007 2170 R.
2097 2126 2244 2170 cen-

1459 2201 1660 2276 'trum
1742 2214 1958 2276 autem
2029 2215 2243 2276 terrae

211 2321 301 2386 sit
336 2321 423 2386 K.
486 2320 895 2407 intelligatur
942 2323 1159 2384 autem
1205 2318 1523 2405 quaedam
1568 2319 1858 2404 pyramis
1907 2339 2244 2403 compren-
2329 2330 2334 2334 '

212 2427 373 2492 dens
428 2428 707 2513 figuram
751 2425 842 2511 R,
904 2427 1253 2492 secundum
1308 2425 1480 2510 quod
1537 2430 1603 2491 et
1656 2425 1890 2512 prius,'
1927 2426 2242 2491 uerticem
2281 2439 2350 2488 2ο

208 2533 461 2598 habens
526 2532 786 2624 signum
842 2531 930 2597 K.
1022 2536 1321 2600 secentur
1385 2537 1603 2597 autem
1665 2533 1874 2616 ipsius
1937 2530 2140 2616 plana
2204 2554 2244 2595 a

209 2638 548 2722 superficie
588 2639 773 2722 plani
807 2637 1026 2706 ABG
1062 2639 1414 2705 secundum
1448 2639 1611 2721 ΑΚ,
1649 2637 1813 2703 ΚΒ.
1888 2637 2247 2722 accipiatur

213 2746 433 2807 autem
482 2747 549 2808 et
594 2744 815 2828 aliqua
861 2745 989 2808 alia
1033 2744 1327 2829 pyramis
1356 2744 1656 2833 *aequalis
1696 2747 1762 2808 et
1798 2743 2035 2808 similis
2072 2743 2246 2808 huic.

212 2851 512 2913 secentur
576 2853 793 2913 autem
856 2848 1061 2932 ipsius
1126 2851 1327 2933 plana
1393 2873 1433 2914 a
1491 2850 1690 2933 plano
1743 2847 1962 2915 ABG
2022 2871 2247 2914 secun-

211 2955 369 3019 dum
412 2953 591 3048 KB.
638 2954 719 3019 K
718 2954 798 3021 G.
889 2954 1289 3020 describatur
1342 2960 1559 3021 autem
1605 2958 1674 3019 et
1719 2954 2036 3040 quaedam
2083 2955 2242 3021 alte·
2282 2967 2350 3018 25

210 3061 348 3126 rius
397 3062 716 3147 sphaerae
763 3061 1133 3145 superficies
1178 3061 1247 3126 in
1292 3061 1559 3127 humido
1607 3063 1778 3129 circa
1809 3067 2118 3129 'centrum
2158 3062 2246 3147 K,

214 3168 334 3233 sub
384 3167 595 3234 solida
632 3170 851 3233 autem
888 3167 1361 3253 magnitudine.
1425 3172 1676 3235 secetur
1711 3171 1856 3254 ipsa
1895 3171 1978 3236 ab
2019 3170 2251 3257 eodem,

214 3275 416 3357 plano
464 3273 815 3340 secundum
859 3274 932 3339 X
940 3272 1077 3341 ΟΡ.
1159 3274 1570 3360 intelligatur
1616 3279 1834 3341 autem
1881 3279 1949 3340 et
1993 3276 2247 3360 magni-

359 3420 407 3468 3.
427 3413 703 3496 dimissa]
751 3413 915 3468 scrib.
954 3412 1221 3483 demissa,
1269 3415 1337 3468 ut
1371 3411 1470 3468 lin.
1509 3418 1540 3468 ὅ
1579 3414 1639 3468 et
1673 3432 1728 3483 p.
1769 3419 1890 3481 362,
1929 3419 2013 3470 20.
2137 3420 2246 3496 .10.

214 3484 1105 3626 ζΐτῖβῖιέηὲἑξῗὲωὲαὶῖῗὲᾓῖεέν
1254 3489 1342 3540 20.
1400 3485 1704 3540 secundum
1759 3485 1910 3553 quod
1957 3487 2014 3540 et
2065 3485 2244 3558 prius]
