<?xml version="1.0" encoding="UTF-8"?>
<!DOCTYPE html PUBLIC "-//W3C//DTD XHTML 1.0 Transitional//EN"
    "http://www.w3.org/TR/xhtml1/DTD/xhtml1-transitional.dtd">
<html xmlns="http://www.w3.org/1999/xhtml" xml:lang="en" lang="en">
 <head>
  <title>
</title>
<meta http-equiv="Content-Type" content="text/html;charset=utf-8" />
  <meta name='ocr-system' content='tesseract 3.04.00' />
  <meta name='ocr-capabilities' content='ocr_page ocr_carea ocr_par ocr_line ocrx_word'/>
</head>
<body>
  <div class='ocr_page' id='page_1' title='image "archimedisopera00heibgoog_0375.png"; bbox 0 0 2659 3967; ppageno 0'>
   <div class='ocr_carea' id='block_1_1' title="bbox 539 185 2261 257">
    <p class='ocr_par' dir='ltr' id='par_1_1' title="bbox 539 185 2261 257">
     <span class='ocr_line' id='line_1_1' title="bbox 539 185 2261 257; baseline 0.008 -16"><span class='ocrx_word' id='word_1_1' title='bbox 539 185 637 241; x_wconf 80' lang='lat' dir='ltr'><strong>DE</strong></span> <span class='ocrx_word' id='word_1_2' title='bbox 675 186 788 257; x_wconf 87' lang='lat' dir='ltr'>IIS,</span> <span class='ocrx_word' id='word_1_3' title='bbox 831 188 1025 253; x_wconf 84' lang='lat' dir='ltr'><strong>QUAE</strong></span> <span class='ocrx_word' id='word_1_4' title='bbox 1063 188 1142 241; x_wconf 89' lang='lat' dir='ltr'><strong>IN</strong></span> <span class='ocrx_word' id='word_1_5' title='bbox 1179 186 1473 244; x_wconf 88' lang='lat' dir='ltr'><strong>HUMIDO</strong></span> <span class='ocrx_word' id='word_1_6' title='bbox 1512 189 1937 245; x_wconf 77' lang='lat' dir='ltr'>UEHUNTUR.</span> <span class='ocrx_word' id='word_1_7' title='bbox 2128 188 2261 253; x_wconf 81' lang='grc'><strong>363</strong></span> 
     </span>
    </p>
   </div>
   <div class='ocr_carea' id='block_1_2' title="bbox 217 330 2413 3186">
    <p class='ocr_par' dir='ltr' id='par_1_2' title="bbox 217 330 2413 3186">
     <span class='ocr_line' id='line_1_2' title="bbox 227 330 2261 417; baseline 0.001 -21"><span class='ocrx_word' id='word_1_8' title='bbox 227 330 497 398; x_wconf 75' lang='lat' dir='ltr'><strong>excedat</strong></span> <span class='ocrx_word' id='word_1_9' title='bbox 541 330 686 415; x_wconf 85' lang='lat' dir='ltr'><strong>ipsa</strong></span> <span class='ocrx_word' id='word_1_10' title='bbox 733 333 1140 417; x_wconf 88' lang='lat' dir='ltr'><strong>superficiem</strong></span> <span class='ocrx_word' id='word_1_11' title='bbox 1182 333 1450 399; x_wconf 90' lang='lat' dir='ltr'><strong>humidi.</strong></span> <span class='ocrx_word' id='word_1_12' title='bbox 1524 334 1839 399; x_wconf 86' lang='lat' dir='ltr'><strong>consistat</strong></span> <span class='ocrx_word' id='word_1_13' title='bbox 1886 336 2101 399; x_wconf 86' lang='lat' dir='ltr'><strong>autem</strong></span> <span class='ocrx_word' id='word_1_14' title='bbox 2143 333 2261 399; x_wconf 91' lang='lat' dir='ltr'><strong>hu-</strong></span> 
     </span>
     <span class='ocr_line' id='line_1_3' title="bbox 225 437 2263 526; baseline 0.001 -23"><span class='ocrx_word' id='word_1_15' title='bbox 225 437 504 521; x_wconf 89' lang='lat' dir='ltr'><strong>midum,</strong></span> <span class='ocrx_word' id='word_1_16' title='bbox 547 441 624 502; x_wconf 91' lang='lat' dir='ltr'><strong>ut</strong></span> <span class='ocrx_word' id='word_1_17' title='bbox 667 443 934 505; x_wconf 88' lang='lat' dir='ltr'><strong>maneat</strong></span> <span class='ocrx_word' id='word_1_18' title='bbox 977 439 1340 506; x_wconf 86' lang='lat' dir='ltr'><strong>immotum.</strong></span> <span class='ocrx_word' id='word_1_19' title='bbox 1432 441 1840 526; x_wconf 71' lang='lat' dir='ltr'>intelligatur</span> <span class='ocrx_word' id='word_1_20' title='bbox 1886 445 2103 505; x_wconf 87' lang='lat' dir='ltr'><strong>autem</strong></span> <span class='ocrx_word' id='word_1_21' title='bbox 2152 441 2263 505; x_wconf 88' lang='lat' dir='ltr'><strong>ali-</strong></span> 
     </span>
     <span class='ocr_line' id='line_1_4' title="bbox 226 544 2262 630; baseline 0 -20"><span class='ocrx_word' id='word_1_22' title='bbox 226 544 402 629; x_wconf 84' lang='lat' dir='ltr'>quod</span> <span class='ocrx_word' id='word_1_23' title='bbox 457 544 726 628; x_wconf 89' lang='lat' dir='ltr'><strong>planum</strong></span> <span class='ocrx_word' id='word_1_24' title='bbox 782 545 1084 612; x_wconf 89' lang='lat' dir='ltr'><strong>eductum</strong></span> <span class='ocrx_word' id='word_1_25' title='bbox 1141 570 1258 630; x_wconf 88' lang='lat' dir='ltr'><strong>per</strong></span> <span class='ocrx_word' id='word_1_26' title='bbox 1304 551 1598 613; x_wconf 77' lang='lat' dir='ltr'>centrum</span> <span class='ocrx_word' id='word_1_27' title='bbox 1642 550 1855 611; x_wconf 89' lang='lat' dir='ltr'><strong>terrae</strong></span> <span class='ocrx_word' id='word_1_28' title='bbox 1902 550 1968 611; x_wconf 92' lang='lat' dir='ltr'><strong>et</strong></span> <span class='ocrx_word' id='word_1_29' title='bbox 2011 546 2262 610; x_wconf 86' lang='lat' dir='ltr'><strong>humidi</strong></span> 
     </span>
     <span class='ocr_line' id='line_1_5' title="bbox 228 650 2261 739; baseline 0 -23"><span class='ocrx_word' id='word_1_30' title='bbox 228 656 296 716; x_wconf 90' lang='lat' dir='ltr'><strong>et</strong></span> <span class='ocrx_word' id='word_1_31' title='bbox 339 673 456 735; x_wconf 89' lang='lat' dir='ltr'><strong>per</strong></span> <span class='ocrx_word' id='word_1_32' title='bbox 503 650 783 717; x_wconf 87' lang='lat' dir='ltr'><strong>solidam</strong></span> <span class='ocrx_word' id='word_1_33' title='bbox 819 654 1357 739; x_wconf 72' lang='lat' dir='ltr'><strong>magnitudinem.</strong></span> <span class='ocrx_word' id='word_1_34' title='bbox 1422 654 1622 719; x_wconf 86' lang='lat' dir='ltr'><strong>sectio</strong></span> <span class='ocrx_word' id='word_1_35' title='bbox 1660 658 1880 718; x_wconf 89' lang='lat' dir='ltr'><strong>autem</strong></span> <span class='ocrx_word' id='word_1_36' title='bbox 1918 653 2006 719; x_wconf 86' lang='lat' dir='ltr'><strong>sit</strong></span> <span class='ocrx_word' id='word_1_37' title='bbox 2042 673 2261 736; x_wconf 88' lang='lat' dir='ltr'><strong>super-</strong></span> 
     </span>
     <span class='ocr_line' id='line_1_6' title="bbox 221 747 2332 845; baseline -0.001 -23"><span class='ocrx_word' id='word_1_38' title='bbox 221 747 395 824; x_wconf 87' lang='lat' dir='ltr'><strong>ficiei</strong></span> <span class='ocrx_word' id='word_1_39' title='bbox 433 755 692 843; x_wconf 91' lang='lat' dir='ltr'><strong>quidem</strong></span> <span class='ocrx_word' id='word_1_40' title='bbox 728 757 982 827; x_wconf 88' lang='lat' dir='ltr'><strong>humidi</strong></span> <span class='ocrx_word' id='word_1_41' title='bbox 1020 781 1185 844; x_wconf 90' lang='lat' dir='ltr'><strong>quae</strong></span> <span class='ocrx_word' id='word_1_42' title='bbox 1211 758 1527 843; x_wconf 74' lang='lat' dir='ltr'><strong><em>ABGD‚</em></strong></span> <span class='ocrx_word' id='word_1_43' title='bbox 1566 758 1807 824; x_wconf 89' lang='lat' dir='ltr'><strong>solidae</strong></span> <span class='ocrx_word' id='word_1_44' title='bbox 1838 761 2054 824; x_wconf 86' lang='lat' dir='ltr'><strong>autem</strong></span> <span class='ocrx_word' id='word_1_45' title='bbox 2082 779 2261 845; x_wconf 85' lang='lat' dir='ltr'><strong>mag·</strong></span> <span class='ocrx_word' id='word_1_46' title='bbox 2298 770 2332 819; x_wconf 82' lang='lat'><strong>5</strong></span> 
     </span>
     <span class='ocr_line' id='line_1_7' title="bbox 220 864 2261 949; baseline 0 -20"><span class='ocrx_word' id='word_1_47' title='bbox 220 864 543 930; x_wconf 90' lang='lat' dir='ltr'><strong>nitudinis</strong></span> <span class='ocrx_word' id='word_1_48' title='bbox 591 885 756 947; x_wconf 90' lang='lat' dir='ltr'><strong>quae</strong></span> <span class='ocrx_word' id='word_1_49' title='bbox 791 865 1014 931; x_wconf 88' lang='grc' dir='ltr'><strong>ΕΖΗ</strong></span> <span class='ocrx_word' id='word_1_50' title='bbox 1016 864 1081 930; x_wconf 82' lang='grc' dir='ltr'><em>Τ</em></span> <span class='ocrx_word' id='word_1_51' title='bbox 1115 865 1485 949; x_wconf 73' lang='lat' dir='ltr'><strong>insidentia,</strong></span> <span class='ocrx_word' id='word_1_52' title='bbox 1531 870 1827 930; x_wconf 81' lang='lat' dir='ltr'><strong>centrum</strong></span> <span class='ocrx_word' id='word_1_53' title='bbox 1874 868 2093 929; x_wconf 88' lang='lat' dir='ltr'><strong>autem</strong></span> <span class='ocrx_word' id='word_1_54' title='bbox 2132 868 2261 929; x_wconf 85' lang='lat' dir='ltr'><strong>ter-</strong></span> 
     </span>
     <span class='ocr_line' id='line_1_8' title="bbox 224 971 2263 1059; baseline 0.001 -25"><span class='ocrx_word' id='word_1_55' title='bbox 224 992 338 1035; x_wconf 87' lang='lat' dir='ltr'><strong>rae</strong></span> <span class='ocrx_word' id='word_1_56' title='bbox 373 971 463 1035; x_wconf 90' lang='lat' dir='ltr'><strong>K.</strong></span> <span class='ocrx_word' id='word_1_57' title='bbox 537 972 670 1036; x_wconf 89' lang='lat' dir='ltr'><strong>sint</strong></span> <span class='ocrx_word' id='word_1_58' title='bbox 718 976 935 1037; x_wconf 88' lang='lat' dir='ltr'><strong>autem</strong></span> <span class='ocrx_word' id='word_1_59' title='bbox 983 972 1226 1039; x_wconf 83' lang='lat' dir='ltr'><strong>solidae</strong></span> <span class='ocrx_word' id='word_1_60' title='bbox 1273 974 1533 1059; x_wconf 89' lang='lat' dir='ltr'><strong>quidem</strong></span> <span class='ocrx_word' id='word_1_61' title='bbox 1580 971 2045 1058; x_wconf 81' lang='lat' dir='ltr'><strong>magnitudinis</strong></span> <span class='ocrx_word' id='word_1_62' title='bbox 2089 971 2263 1056; x_wconf 89' lang='lat' dir='ltr'><strong>quod</strong></span> 
     </span>
     <span class='ocr_line' id='line_1_9' title="bbox 1511 1076 2261 1164; baseline -0.001 -20"><span class='ocrx_word' id='word_1_63' title='bbox 1511 1078 1768 1164; x_wconf 91' lang='lat' dir='ltr'><strong>quidem</strong></span> <span class='ocrx_word' id='word_1_64' title='bbox 1832 1076 2133 1148; x_wconf 74' lang='lat' dir='ltr'><strong><em>BGHZ&#39;</em></strong></span> <span class='ocrx_word' id='word_1_65' title='bbox 2192 1078 2261 1143; x_wconf 88' lang='lat' dir='ltr'><strong>in</strong></span> 
     </span>
     <span class='ocr_line' id='line_1_10' title="bbox 1507 1184 2261 1269; baseline 0 -19"><span class='ocrx_word' id='word_1_66' title='bbox 1507 1185 1797 1267; x_wconf 90' lang='lat' dir='ltr'><strong>humido,</strong></span> <span class='ocrx_word' id='word_1_67' title='bbox 1836 1184 2009 1269; x_wconf 91' lang='lat' dir='ltr'><strong>quod</strong></span> <span class='ocrx_word' id='word_1_68' title='bbox 2044 1187 2261 1250; x_wconf 86' lang='lat' dir='ltr'><strong>autem</strong></span> 
     </span>
     <span class='ocr_line' id='line_1_11' title="bbox 1507 1290 2369 1359; baseline -0.01 0"><span class='ocrx_word' id='word_1_69' title='bbox 1507 1290 1789 1359; x_wconf 74' lang='lat' dir='ltr'><strong><em>BEZG</em></strong></span> <span class='ocrx_word' id='word_1_70' title='bbox 1864 1294 2091 1357; x_wconf 84' lang='lat' dir='ltr'><strong>extra..</strong></span> <span class='ocrx_word' id='word_1_71' title='bbox 2163 1290 2258 1354; x_wconf 92' lang='lat' dir='ltr'><strong>in-</strong></span> <span class='ocrx_word' id='word_1_72' title='bbox 2301 1302 2369 1351; x_wconf 87' lang='lat'><strong>10</strong></span> 
     </span>
     <span class='ocr_line' id='line_1_12' title="bbox 1507 1398 2259 1484; baseline 0 -21"><span class='ocrx_word' id='word_1_73' title='bbox 1507 1398 1847 1484; x_wconf 84' lang='lat' dir='ltr'><strong>telligatur</strong></span> <span class='ocrx_word' id='word_1_74' title='bbox 1919 1401 1985 1462; x_wconf 89' lang='lat' dir='ltr'><strong>et</strong></span> <span class='ocrx_word' id='word_1_75' title='bbox 2050 1398 2259 1463; x_wconf 81' lang='lat' dir='ltr'><strong>solida</strong></span> 
     </span>
     <span class='ocr_line' id='line_1_13' title="bbox 1504 1505 2263 1589; baseline 0.001 -22"><span class='ocrx_word' id='word_1_76' title='bbox 1504 1505 1719 1589; x_wconf 83' lang='lat' dir='ltr'><strong>figura</strong></span> <span class='ocrx_word' id='word_1_77' title='bbox 1738 1523 2126 1586; x_wconf 87' lang='lat' dir='ltr'><strong>comprensa</strong></span> <span class='ocrx_word' id='word_1_78' title='bbox 2142 1526 2263 1587; x_wconf 82' lang='lat' dir='ltr'><strong>py-</strong></span> 
     </span>
     <span class='ocr_line' id='line_1_14' title="bbox 1506 1609 2263 1693; baseline -0.004 -18"><span class='ocrx_word' id='word_1_79' title='bbox 1506 1609 1755 1675; x_wconf 89' lang='lat' dir='ltr'><strong>ramide</strong></span> <span class='ocrx_word' id='word_1_80' title='bbox 1826 1609 2054 1674; x_wconf 82' lang='lat' dir='ltr'><strong>basem</strong></span> <span class='ocrx_word' id='word_1_81' title='bbox 2126 1610 2263 1693; x_wconf 89' lang='lat' dir='ltr'><strong>qui-</strong></span> 
     </span>
     <span class='ocr_line' id='line_1_15' title="bbox 1508 1715 2263 1798; baseline -0.004 -16"><span class='ocrx_word' id='word_1_82' title='bbox 1508 1718 1653 1782; x_wconf 90' lang='lat' dir='ltr'><strong>dem</strong></span> <span class='ocrx_word' id='word_1_83' title='bbox 1708 1715 1989 1781; x_wconf 89' lang='lat' dir='ltr'><strong>habente</strong></span> <span class='ocrx_word' id='word_1_84' title='bbox 2047 1716 2263 1798; x_wconf 89' lang='lat' dir='ltr'><strong>paral-</strong></span> 
     </span>
     <span class='ocr_line' id='line_1_16' title="bbox 239 1802 2413 1908; baseline -0.002 -19"><span class='ocrx_word' id='word_1_85' title='bbox 239 1812 320 1875; x_wconf 75' lang='grc' dir='ltr'><em>Α</em></span> <span class='ocrx_word' id='word_1_86' title='bbox 815 1806 917 1865; x_wconf 67' lang='lat' dir='ltr'><strong><em>K</em></strong></span> <span class='ocrx_word' id='word_1_87' title='bbox 1402 1802 1479 1857; x_wconf 69' lang='lat' dir='ltr'><em>D</em></span> <span class='ocrx_word' id='word_1_88' title='bbox 1513 1825 2043 1908; x_wconf 85' lang='lat' dir='ltr'><strong>lelogrammum,</strong></span> <span class='ocrx_word' id='word_1_89' title='bbox 2088 1820 2261 1906; x_wconf 91' lang='lat' dir='ltr'><strong>quod</strong></span> <span class='ocrx_word' id='word_1_90' title='bbox 2303 1831 2371 1881; x_wconf 83' lang='lat'><strong>15</strong></span> <span class='ocrx_word' id='word_1_91' title='bbox 2406 1900 2413 1907; x_wconf 20' lang='grc' dir='ltr'>ι</span> 
     </span>
     <span class='ocr_line' id='line_1_17' title="bbox 217 1931 2259 2017; baseline -0.004 -20"><span class='ocrx_word' id='word_1_92' title='bbox 217 1934 293 1997; x_wconf 91' lang='lat' dir='ltr'><strong>in</strong></span> <span class='ocrx_word' id='word_1_93' title='bbox 349 1933 686 2017; x_wconf 86' lang='lat' dir='ltr'><strong>superficie</strong></span> <span class='ocrx_word' id='word_1_94' title='bbox 731 1932 1010 2017; x_wconf 88' lang='lat' dir='ltr'><strong>humidi,</strong></span> <span class='ocrx_word' id='word_1_95' title='bbox 1065 1933 1375 1997; x_wconf 89' lang='lat' dir='ltr'><strong>uerticem</strong></span> <span class='ocrx_word' id='word_1_96' title='bbox 1420 1934 1640 1997; x_wconf 89' lang='lat' dir='ltr'><strong>autem</strong></span> <span class='ocrx_word' id='word_1_97' title='bbox 1688 1932 1985 1995; x_wconf 89' lang='lat' dir='ltr'><strong>centrum</strong></span> <span class='ocrx_word' id='word_1_98' title='bbox 2029 1931 2259 1993; x_wconf 87' lang='lat' dir='ltr'><strong>terrae.</strong></span> 
     </span>
     <span class='ocr_line' id='line_1_18' title="bbox 219 2034 2258 2123; baseline -0.002 -20"><span class='ocrx_word' id='word_1_99' title='bbox 219 2038 424 2106; x_wconf 87' lang='lat' dir='ltr'><strong>sectio</strong></span> <span class='ocrx_word' id='word_1_100' title='bbox 471 2042 689 2103; x_wconf 90' lang='lat' dir='ltr'><strong>autem</strong></span> <span class='ocrx_word' id='word_1_101' title='bbox 735 2039 824 2104; x_wconf 82' lang='lat' dir='ltr'><strong>sit</strong></span> <span class='ocrx_word' id='word_1_102' title='bbox 868 2039 1068 2123; x_wconf 86' lang='lat' dir='ltr'><strong>plani,</strong></span> <span class='ocrx_word' id='word_1_103' title='bbox 1115 2038 1186 2103; x_wconf 88' lang='lat' dir='ltr'><strong>in</strong></span> <span class='ocrx_word' id='word_1_104' title='bbox 1232 2060 1361 2123; x_wconf 89' lang='lat' dir='ltr'><strong>quo</strong></span> <span class='ocrx_word' id='word_1_105' title='bbox 1409 2044 1509 2102; x_wconf 92' lang='lat' dir='ltr'><strong>est</strong></span> <span class='ocrx_word' id='word_1_106' title='bbox 1553 2058 1717 2121; x_wconf 89' lang='lat' dir='ltr'><strong>quae</strong></span> <span class='ocrx_word' id='word_1_107' title='bbox 1752 2034 2053 2101; x_wconf 73' lang='lat' dir='ltr'><strong><em>ABGD</em></strong></span> <span class='ocrx_word' id='word_1_108' title='bbox 2088 2036 2258 2119; x_wconf 87' lang='lat' dir='ltr'><strong>peri-</strong></span> 
     </span>
     <span class='ocr_line' id='line_1_19' title="bbox 218 2141 2251 2230; baseline -0.002 -21"><span class='ocrx_word' id='word_1_109' title='bbox 218 2145 404 2230; x_wconf 87' lang='lat' dir='ltr'><strong>feria,</strong></span> <span class='ocrx_word' id='word_1_110' title='bbox 453 2147 522 2209; x_wconf 89' lang='lat' dir='ltr'><strong>et</strong></span> <span class='ocrx_word' id='word_1_111' title='bbox 564 2145 916 2228; x_wconf 88' lang='lat' dir='ltr'><strong>planorum</strong></span> <span class='ocrx_word' id='word_1_112' title='bbox 959 2143 1312 2230; x_wconf 82' lang='lat' dir='ltr'><strong>pyramidis</strong></span> <span class='ocrx_word' id='word_1_113' title='bbox 1362 2164 1526 2227; x_wconf 88' lang='lat' dir='ltr'><strong>quae</strong></span> <span class='ocrx_word' id='word_1_114' title='bbox 1572 2142 1719 2227; x_wconf 87' lang='lat' dir='ltr'><strong>KL,</strong></span> <span class='ocrx_word' id='word_1_115' title='bbox 1764 2142 1845 2207; x_wconf 91' lang='lat' dir='ltr'><strong><em>K</em></strong></span> <span class='ocrx_word' id='word_1_116' title='bbox 1846 2142 1941 2207; x_wconf 87' lang='lat' dir='ltr'><strong>M.</strong></span> <span class='ocrx_word' id='word_1_117' title='bbox 2017 2141 2251 2207; x_wconf 85' lang='lat' dir='ltr'><strong>descri-</strong></span> 
     </span>
     <span class='ocr_line' id='line_1_20' title="bbox 217 2247 2263 2336; baseline -0.001 -20"><span class='ocrx_word' id='word_1_118' title='bbox 217 2252 415 2317; x_wconf 89' lang='lat' dir='ltr'><strong>batur</strong></span> <span class='ocrx_word' id='word_1_119' title='bbox 489 2255 711 2317; x_wconf 88' lang='lat' dir='ltr'><strong>autem</strong></span> <span class='ocrx_word' id='word_1_120' title='bbox 786 2251 1106 2336; x_wconf 89' lang='lat' dir='ltr'><strong>quaedam</strong></span> <span class='ocrx_word' id='word_1_121' title='bbox 1172 2248 1453 2315; x_wconf 75' lang='lat' dir='ltr'><strong>alterius*</strong></span> <span class='ocrx_word' id='word_1_122' title='bbox 1511 2249 1825 2333; x_wconf 82' lang='lat' dir='ltr'><strong>sphaerae</strong></span> <span class='ocrx_word' id='word_1_123' title='bbox 1892 2247 2263 2333; x_wconf 89' lang='lat' dir='ltr'><strong>superficies</strong></span> 
     </span>
     <span class='ocr_line' id='line_1_21' title="bbox 220 2354 2367 2441; baseline -0.001 -19"><span class='ocrx_word' id='word_1_124' title='bbox 220 2357 394 2423; x_wconf 87' lang='lat' dir='ltr'><strong>cirea</strong></span> <span class='ocrx_word' id='word_1_125' title='bbox 441 2362 739 2425; x_wconf 75' lang='lat' dir='ltr'><strong>centrum</strong></span> <span class='ocrx_word' id='word_1_126' title='bbox 792 2359 863 2423; x_wconf 89' lang='lat' dir='ltr'><strong><em>K</em></strong></span> <span class='ocrx_word' id='word_1_127' title='bbox 902 2359 972 2423; x_wconf 93' lang='lat' dir='ltr'><strong>in</strong></span> <span class='ocrx_word' id='word_1_128' title='bbox 1016 2358 1284 2424; x_wconf 84' lang='lat' dir='ltr'><strong>humido</strong></span> <span class='ocrx_word' id='word_1_129' title='bbox 1333 2357 1453 2423; x_wconf 86' lang='lat' dir='ltr'><strong>sub</strong></span> <span class='ocrx_word' id='word_1_130' title='bbox 1488 2356 1714 2421; x_wconf 87' lang='grc' dir='ltr'><strong>ΕΖΗ</strong></span> <span class='ocrx_word' id='word_1_131' title='bbox 1717 2356 1789 2440; x_wconf 86' lang='grc' dir='ltr'><strong>Τ,</strong></span> <span class='ocrx_word' id='word_1_132' title='bbox 1835 2376 2001 2441; x_wconf 85' lang='lat' dir='ltr'><strong>quae</strong></span> <span class='ocrx_word' id='word_1_133' title='bbox 2038 2355 2112 2419; x_wconf 89' lang='grc' dir='ltr'><em>Χ</em></span> <span class='ocrx_word' id='word_1_134' title='bbox 2120 2354 2257 2421; x_wconf 87' lang='grc' dir='ltr'><strong>ΟΡ.</strong></span> <span class='ocrx_word' id='word_1_135' title='bbox 2297 2362 2367 2412; x_wconf 78' lang='lat'><strong>20</strong></span> 
     </span>
     <span class='ocr_line' id='line_1_22' title="bbox 223 2464 2259 2551; baseline 0 -23"><span class='ocrx_word' id='word_1_136' title='bbox 223 2468 479 2530; x_wconf 86' lang='lat' dir='ltr'><strong>secetur</strong></span> <span class='ocrx_word' id='word_1_137' title='bbox 514 2465 641 2532; x_wconf 91' lang='lat' dir='ltr'><strong>hoc</strong></span> <span class='ocrx_word' id='word_1_138' title='bbox 677 2488 718 2530; x_wconf 90' lang='lat' dir='ltr'><strong>a</strong></span> <span class='ocrx_word' id='word_1_139' title='bbox 753 2464 1096 2551; x_wconf 90' lang='lat' dir='ltr'><strong>superficie</strong></span> <span class='ocrx_word' id='word_1_140' title='bbox 1132 2464 1330 2549; x_wconf 90' lang='lat' dir='ltr'><strong>plani.</strong></span> <span class='ocrx_word' id='word_1_141' title='bbox 1398 2468 1694 2529; x_wconf 84' lang='lat' dir='ltr'><strong>sumatur</strong></span> <span class='ocrx_word' id='word_1_142' title='bbox 1722 2466 1943 2528; x_wconf 89' lang='lat' dir='ltr'><strong>autem</strong></span> <span class='ocrx_word' id='word_1_143' title='bbox 1972 2466 2039 2528; x_wconf 88' lang='lat' dir='ltr'><strong>et</strong></span> <span class='ocrx_word' id='word_1_144' title='bbox 2066 2484 2259 2545; x_wconf 86' lang='lat' dir='ltr'><strong>quae-</strong></span> 
     </span>
     <span class='ocr_line' id='line_1_23' title="bbox 220 2567 2267 2655; baseline 0 -21"><span class='ocrx_word' id='word_1_145' title='bbox 220 2570 372 2635; x_wconf 88' lang='lat' dir='ltr'><strong>dam</strong></span> <span class='ocrx_word' id='word_1_146' title='bbox 431 2571 562 2636; x_wconf 88' lang='lat' dir='ltr'><strong>alia</strong></span> <span class='ocrx_word' id='word_1_147' title='bbox 607 2572 901 2655; x_wconf 83' lang='lat' dir='ltr'><strong>pyramis</strong></span> <span class='ocrx_word' id='word_1_148' title='bbox 955 2570 1246 2655; x_wconf 88' lang='lat' dir='ltr'><strong>aequalis</strong></span> <span class='ocrx_word' id='word_1_149' title='bbox 1296 2573 1363 2635; x_wconf 90' lang='lat' dir='ltr'><strong>et</strong></span> <span class='ocrx_word' id='word_1_150' title='bbox 1408 2570 1643 2634; x_wconf 87' lang='lat' dir='ltr'><strong>similis</strong></span> <span class='ocrx_word' id='word_1_151' title='bbox 1691 2567 2267 2653; x_wconf 88' lang='lat' dir='ltr'><strong>comprehendenti</strong></span> 
     </span>
     <span class='ocr_line' id='line_1_24' title="bbox 225 2673 2266 2761; baseline 0 -22"><span class='ocrx_word' id='word_1_152' title='bbox 225 2676 536 2760; x_wconf 84' lang='lat' dir='ltr'><strong>solidam,</strong></span> <span class='ocrx_word' id='word_1_153' title='bbox 601 2677 904 2742; x_wconf 88' lang='lat' dir='ltr'><strong>continua</strong></span> <span class='ocrx_word' id='word_1_154' title='bbox 967 2678 1113 2761; x_wconf 74' lang='lat' dir='ltr'><strong>ipsi,</strong></span> <span class='ocrx_word' id='word_1_155' title='bbox 1206 2677 1410 2742; x_wconf 89' lang='lat' dir='ltr'><strong>sectio</strong></span> <span class='ocrx_word' id='word_1_156' title='bbox 1481 2678 1699 2739; x_wconf 91' lang='lat' dir='ltr'><strong>autem</strong></span> <span class='ocrx_word' id='word_1_157' title='bbox 1766 2673 1856 2737; x_wconf 87' lang='lat' dir='ltr'><strong>sit</strong></span> <span class='ocrx_word' id='word_1_158' title='bbox 1919 2673 2266 2757; x_wconf 87' lang='lat' dir='ltr'><strong>planorum</strong></span> 
     </span>
     <span class='ocr_line' id='line_1_25' title="bbox 224 2779 2266 2866; baseline -0 -21"><span class='ocrx_word' id='word_1_159' title='bbox 224 2780 431 2865; x_wconf 87' lang='lat' dir='ltr'><strong>ipsius</strong></span> <span class='ocrx_word' id='word_1_160' title='bbox 479 2802 643 2865; x_wconf 87' lang='lat' dir='ltr'><strong>quae</strong></span> <span class='ocrx_word' id='word_1_161' title='bbox 679 2783 856 2866; x_wconf 84' lang='lat' dir='ltr'><strong>KM,</strong></span> <span class='ocrx_word' id='word_1_162' title='bbox 883 2784 1049 2866; x_wconf 88' lang='lat' dir='ltr'><strong>KN,</strong></span> <span class='ocrx_word' id='word_1_163' title='bbox 1098 2786 1166 2849; x_wconf 88' lang='lat' dir='ltr'><strong>et</strong></span> <span class='ocrx_word' id='word_1_164' title='bbox 1208 2783 1277 2847; x_wconf 90' lang='lat' dir='ltr'><strong>in</strong></span> <span class='ocrx_word' id='word_1_165' title='bbox 1320 2781 1590 2847; x_wconf 90' lang='lat' dir='ltr'><strong>humido</strong></span> <span class='ocrx_word' id='word_1_166' title='bbox 1628 2779 2041 2865; x_wconf 84' lang='lat' dir='ltr'><strong>intelligatur</strong></span> <span class='ocrx_word' id='word_1_167' title='bbox 2076 2801 2266 2863; x_wconf 92' lang='lat' dir='ltr'><strong>quae-</strong></span> 
     </span>
     <span class='ocr_line' id='line_1_26' title="bbox 226 2885 2371 2973; baseline -0.002 -20"><span class='ocrx_word' id='word_1_168' title='bbox 226 2890 379 2954; x_wconf 89' lang='lat' dir='ltr'><strong>dam</strong></span> <span class='ocrx_word' id='word_1_169' title='bbox 418 2887 800 2973; x_wconf 86' lang='lat' dir='ltr'><strong>magnitudo</strong></span> <span class='ocrx_word' id='word_1_170' title='bbox 839 2889 1106 2956; x_wconf 92' lang='lat' dir='ltr'><strong>humido</strong></span> <span class='ocrx_word' id='word_1_171' title='bbox 1147 2892 1488 2973; x_wconf 87' lang='lat' dir='ltr'><strong>assumpta</strong></span> <span class='ocrx_word' id='word_1_172' title='bbox 1527 2909 1692 2972; x_wconf 88' lang='lat' dir='ltr'><strong>quae</strong></span> <span class='ocrx_word' id='word_1_173' title='bbox 1720 2885 1921 2952; x_wconf 84' lang='lat' dir='ltr'><strong>RSE</strong></span> <span class='ocrx_word' id='word_1_174' title='bbox 1935 2886 1996 2951; x_wconf 79' lang='lat' dir='ltr'><strong><em>Y</em></strong></span> <span class='ocrx_word' id='word_1_175' title='bbox 2027 2907 2264 2970; x_wconf 88' lang='lat' dir='ltr'><strong>aequa·</strong></span> <span class='ocrx_word' id='word_1_176' title='bbox 2301 2892 2371 2941; x_wconf 80' lang='lat'><strong>25</strong></span> 
     </span>
     <span class='ocr_line' id='line_1_27' title="bbox 226 2991 2265 3081; baseline 0 -22"><span class='ocrx_word' id='word_1_177' title='bbox 226 2996 305 3060; x_wconf 89' lang='lat' dir='ltr'><strong>lis</strong></span> <span class='ocrx_word' id='word_1_178' title='bbox 364 2997 429 3061; x_wconf 90' lang='lat' dir='ltr'><strong>et</strong></span> <span class='ocrx_word' id='word_1_179' title='bbox 475 2994 708 3061; x_wconf 78' lang='lat' dir='ltr'><strong>similis</strong></span> <span class='ocrx_word' id='word_1_180' title='bbox 759 2994 1037 3081; x_wconf 88' lang='lat' dir='ltr'><strong>solidae,</strong></span> <span class='ocrx_word' id='word_1_181' title='bbox 1098 3017 1263 3080; x_wconf 89' lang='lat' dir='ltr'><strong>quae</strong></span> <span class='ocrx_word' id='word_1_182' title='bbox 1319 2992 1671 3060; x_wconf 90' lang='lat' dir='ltr'><strong>secundum</strong></span> <span class='ocrx_word' id='word_1_183' title='bbox 1717 2991 2035 3077; x_wconf 77' lang='lat' dir='ltr'><strong><em>BHGT,</em></strong></span> <span class='ocrx_word' id='word_1_184' title='bbox 2091 2993 2265 3077; x_wconf 90' lang='lat' dir='ltr'><strong>quod</strong></span> 
     </span>
     <span class='ocr_line' id='line_1_28' title="bbox 228 3098 2264 3186; baseline 0 -20"><span class='ocrx_word' id='word_1_185' title='bbox 228 3105 330 3167; x_wconf 91' lang='lat' dir='ltr'><strong>est</strong></span> <span class='ocrx_word' id='word_1_186' title='bbox 375 3100 581 3186; x_wconf 88' lang='lat' dir='ltr'><strong>ipsius</strong></span> <span class='ocrx_word' id='word_1_187' title='bbox 619 3101 688 3165; x_wconf 91' lang='lat' dir='ltr'><strong>in</strong></span> <span class='ocrx_word' id='word_1_188' title='bbox 724 3101 1010 3166; x_wconf 81' lang='lat' dir='ltr'><strong>humido,</strong></span> <span class='ocrx_word' id='word_1_189' title='bbox 1077 3105 1296 3185; x_wconf 86' lang='lat' dir='ltr'><strong>partes</strong></span> <span class='ocrx_word' id='word_1_190' title='bbox 1337 3103 1555 3165; x_wconf 86' lang='lat' dir='ltr'><strong>autem</strong></span> <span class='ocrx_word' id='word_1_191' title='bbox 1591 3098 1860 3184; x_wconf 89' lang='lat' dir='ltr'><strong>humidi,</strong></span> <span class='ocrx_word' id='word_1_192' title='bbox 1906 3120 2070 3185; x_wconf 89' lang='lat' dir='ltr'><strong>quae</strong></span> <span class='ocrx_word' id='word_1_193' title='bbox 2109 3106 2264 3166; x_wconf 88' lang='lat' dir='ltr'><strong>sunt</strong></span> 
     </span>
    </p>
   </div>
   <div class='ocr_carea' id='block_1_3' title="bbox 303 1123 1437 1794">
    <p class='ocr_par' dir='ltr' id='par_1_3' title="bbox 303 1123 1437 1794">
     <span class='ocr_line' id='line_1_29' title="bbox 303 1123 1437 1794; baseline 0 2173"><span class='ocrx_word' id='word_1_194' title='bbox 303 1123 1437 1794; x_wconf 95' lang='lat' dir='ltr'><strong> </strong></span> 
     </span>
    </p>
   </div>
   <div class='ocr_carea' id='block_1_4' title="bbox 230 3220 658 3228">
    <p class='ocr_par' dir='ltr' id='par_1_4' title="bbox 230 3220 658 3228">
     <span class='ocr_line' id='line_1_30' title="bbox 230 3220 658 3228; baseline 0 739"><span class='ocrx_word' id='word_1_195' title='bbox 230 3220 658 3228; x_wconf 95' lang='lat' dir='ltr'><strong> </strong></span> 
     </span>
    </p>
   </div>
   <div class='ocr_carea' id='block_1_5' title="bbox 219 3255 2257 3541">
    <p class='ocr_par' dir='ltr' id='par_1_5' title="bbox 219 3255 2257 3541">
     <span class='ocr_line' id='line_1_31' title="bbox 367 3255 2253 3329; baseline -0.003 -15"><span class='ocrx_word' id='word_1_196' title='bbox 367 3265 416 3314; x_wconf 88' lang='lat'><strong>5.</strong></span> <span class='ocrx_word' id='word_1_197' title='bbox 457 3256 940 3329; x_wconf 85' lang='lat' dir='ltr'><strong>„magnitudines“</strong></span> <span class='ocrx_word' id='word_1_198' title='bbox 981 3257 1262 3313; x_wconf 71' lang='lat' dir='ltr'><strong>Tar-talea.</strong></span> <span class='ocrx_word' id='word_1_199' title='bbox 1385 3263 1433 3312; x_wconf 84' lang='lat'><strong>6.</strong></span> <span class='ocrx_word' id='word_1_200' title='bbox 1474 3255 1841 3326; x_wconf 87' lang='lat' dir='ltr'><strong>‚,insidentis“</strong></span> <span class='ocrx_word' id='word_1_201' title='bbox 1879 3255 2093 3312; x_wconf 84' lang='lat' dir='ltr'><strong>Comm.</strong></span> <span class='ocrx_word' id='word_1_202' title='bbox 2204 3262 2253 3310; x_wconf 81' lang='grc'><strong>’1.</strong></span> 
     </span>
     <span class='ocr_line' id='line_1_32' title="bbox 224 3326 2257 3402; baseline -0.002 -18"><span class='ocrx_word' id='word_1_203' title='bbox 224 3330 317 3402; x_wconf 89' lang='lat' dir='ltr'><strong>K]</strong></span> <span class='ocrx_word' id='word_1_204' title='bbox 356 3347 464 3386; x_wconf 89' lang='lat' dir='ltr'><strong>om.</strong></span> <span class='ocrx_word' id='word_1_205' title='bbox 503 3329 782 3385; x_wconf 83' lang='lat' dir='ltr'><strong>Tartalea.</strong></span> <span class='ocrx_word' id='word_1_206' title='bbox 931 3334 1014 3383; x_wconf 85' lang='lat'><strong>12.</strong></span> <span class='ocrx_word' id='word_1_207' title='bbox 1055 3332 1505 3399; x_wconf 83' lang='lat' dir='ltr'><strong>‚,compressam“</strong></span> <span class='ocrx_word' id='word_1_208' title='bbox 1544 3328 1822 3384; x_wconf 73' lang='lat' dir='ltr'><strong>Tar-talea.</strong></span> <span class='ocrx_word' id='word_1_209' title='bbox 1972 3332 2053 3382; x_wconf 82' lang='lat'><strong>13.</strong></span> <span class='ocrx_word' id='word_1_210' title='bbox 2096 3326 2257 3394; x_wconf 80' lang='lat' dir='ltr'><strong>„bas-</strong></span> 
     </span>
     <span class='ocr_line' id='line_1_33' title="bbox 219 3396 2256 3470; baseline -0.002 -13"><span class='ocrx_word' id='word_1_211' title='bbox 219 3404 371 3457; x_wconf 86' lang='lat' dir='ltr'><strong>sem“</strong></span> <span class='ocrx_word' id='word_1_212' title='bbox 412 3402 693 3457; x_wconf 84' lang='lat' dir='ltr'><strong>Tartalea.</strong></span> <span class='ocrx_word' id='word_1_213' title='bbox 831 3405 915 3454; x_wconf 79' lang='lat'><strong>14.</strong></span> <span class='ocrx_word' id='word_1_214' title='bbox 955 3400 1295 3470; x_wconf 88' lang='lat' dir='ltr'><strong>„habentem</strong></span> <span class='ocrx_word' id='word_1_215' title='bbox 1330 3399 1937 3469; x_wconf 84' lang='lat' dir='ltr'><strong>paralelogrommum“</strong></span> <span class='ocrx_word' id='word_1_216' title='bbox 1975 3396 2256 3452; x_wconf 84' lang='lat' dir='ltr'><strong>Tartalea.</strong></span> 
     </span>
     <span class='ocr_line' id='line_1_34' title="bbox 220 3466 2251 3541; baseline -0.002 -14"><span class='ocrx_word' id='word_1_217' title='bbox 220 3478 306 3527; x_wconf 83' lang='grc'><strong>26.</strong></span> <span class='ocrx_word' id='word_1_218' title='bbox 347 3473 504 3539; x_wconf 80' lang='lat' dir='ltr'><strong>„bhe</strong></span> <span class='ocrx_word' id='word_1_219' title='bbox 558 3474 590 3501; x_wconf 89' lang='lat'><strong>“</strong></span> <span class='ocrx_word' id='word_1_220' title='bbox 629 3471 910 3528; x_wconf 85' lang='lat' dir='ltr'><strong>Tartalea.</strong></span> <span class='ocrx_word' id='word_1_221' title='bbox 1084 3476 1170 3525; x_wconf 78' lang='lat'><strong>2⁷.</strong></span> <span class='ocrx_word' id='word_1_222' title='bbox 1208 3469 1412 3541; x_wconf 85' lang='lat' dir='ltr'><strong>ipsius]</strong></span> <span class='ocrx_word' id='word_1_223' title='bbox 1452 3488 1525 3527; x_wconf 82' lang='lat' dir='ltr'><strong>sc.</strong></span> <span class='ocrx_word' id='word_1_224' title='bbox 1562 3470 1738 3526; x_wconf 83' lang='lat' dir='ltr'><strong>totius</strong></span> <span class='ocrx_word' id='word_1_225' title='bbox 1776 3466 1943 3525; x_wconf 84' lang='lat' dir='ltr'><strong>solidi</strong></span> <span class='ocrx_word' id='word_1_226' title='bbox 1979 3468 2251 3523; x_wconf 86' lang='grc' dir='ltr'><strong>ΕΖΤΗ.</strong></span> 
     </span>
    </p>
   </div>
  </div>
 </body>
</html>
