2659 3967
380 155 509 222 124
1133 157 1311 210 ΠΕΡΙ
1346 155 1644 210 ΕΛΙΚΩΝ.

375 307 435 368 Θ
468 299 619 368 ποτὶ
656 297 783 368 τάν
820 300 1005 367 ἕλικα
1040 296 1577 384 ποτιπιπτούσαι,
1616 288 1704 366 ἇν
1741 299 1879 366 ἐστι
1907 303 2178 384 μεγίστα
2208 295 2331 383 μὲν
2359 293 2404 363 ἆ

374 412 535 492 ΘΑ,
593 407 901 493 ἑλαχίστα
954 404 1031 473 δὲ
1076 402 1119 474 ἆ
1167 411 1309 472 ΘΕ.
1402 404 1544 472 ἐντὶ
1589 403 1665 472 δὲ
1708 404 1820 471 καὶ
1864 402 2062 472 ἄλλαι
2105 403 2406 493 γραμμαὶ

375 514 450 586 αι’
491 508 621 580 άπὸ
670 515 795 580 τοῦ
821 519 879 580 Θ
922 511 1076 579 ποτὶ
1120 509 1247 578 τάν
1292 514 1416 580 τοῦ
1445 518 1577 579 ΘΑ
1587 517 1643 578 Ζ
1687 513 1937 598 νομέως
1971 512 2404 598 περιφέρειαν

373 617 889 688 ποτιπιπτούσαι
934 617 1136 707 χωρὶς
1180 621 1301 697 τᾶς
1324 624 1459 684 ΘΑ
1491 621 1586 711 τῷ
1625 617 1748 704 μὲν
1783 618 2031 704 πλήθει
2067 620 2186 706 μιᾷ
2215 619 2404 686 ἐλασ-

304 740 336 789 5
374 724 569 805 σόνες
620 729 746 793 τᾶν
798 735 891 818 τῷ
951 733 1074 818 ἴσῳ
1130 721 1434 792 άλλάλαν
1487 721 1979 813 ὑπερεχουσᾶν,
2033 728 2124 817 τῷ
2173 723 2250 792 δὲ
2294 749 2404 811 με·-

372 833 563 918 γέθει
608 828 927 911 άλλάλαις
972 855 1043 898 τε
1086 830 1201 898 καὶ
1244 833 1327 918 τᾷ
1365 835 1644 922 μεγίστᾳ
1680 838 1841 916 ἴσαι,
1886 830 2000 898 καὶ
2035 827 2403 917 ἀναγεγρα-

374 937 581 1024 φάται
618 935 749 1006 ἀπὸ
788 936 1069 1017 ἑκάστας
1102 934 1329 1024 ὁμοίοι
1364 938 1613 1024 τομέες,
1659 933 1792 1004 άπὸ
1832 935 1908 1005 δὲ
1941 940 2060 1016 τᾶς
2094 940 2406 1024 μεγίστας

369 1048 499 1111 τᾶν
551 1047 643 1136 τῷ
693 1051 816 1136 ἴσῳ
863 1040 1166 1112 άλλάλαν
1208 1041 1671 1132 ὑπερεχουσᾶν
1718 1041 1846 1112 οὐκ
1888 1041 2404 1132 ἄναγεγράπται.

374 1151 445 1216 οἱ
496 1150 725 1235 νομέες
782 1141 913 1216 οὖν
975 1152 1044 1217 οί
1094 1147 1226 1216 άπὸ
1279 1151 1408 1216 τᾶν
1466 1151 1624 1216 ίσᾶν
1679 1145 1996 1230 ἀλλάλαις
2047 1149 2272 1218 τεκαὶ
2317 1153 2404 1238 τᾷ

267 1270 335 1319 10
372 1260 649 1345 μεγίστᾳ
692 1255 846 1323 ποτὶ
888 1253 1049 1335 τοὺς
1091 1255 1332 1342 τομέας
1376 1252 1536 1334 τοὺς
1579 1251 1711 1322 ἀπὸ
1744 1259 1872 1322 τᾶν
1907 1259 2000 1348 τῷ
2039 1264 2162 1348 ἴσω
2199 1253 2404 1324 ἄλλά-

371 1368 498 1429 λαν
542 1359 1005 1450 ὑπερεχουσᾶν
1049 1362 1251 1449 χωρὶς
1296 1365 1420 1428 τοῦ
1461 1357 1594 1428 άπὸ
1633 1364 1752 1442 τᾶς
1787 1367 2096 1448 μεγίστας
2133 1368 2402 1449 μείζονα

370 1467 581 1554 λόγον
628 1473 879 1556 ἔχοντι,
924 1463 971 1554 ἢ
1014 1465 1093 1536 τὸ
1136 1465 1565 1556 τετράγωνον
1611 1467 1690 1535 τὸ
1735 1465 1868 1535 ἀπὸ
1913 1471 2032 1548 τᾶς
2075 1475 2206 1536 ΘΑ
2249 1469 2403 1537 ποτὶ

370 1572 447 1642 τὸ
503 1571 634 1642 ὑπὸ
691 1578 819 1642 τᾶν
864 1581 1024 1660 ΘΑ,
1080 1580 1211 1642 ΘΕ
1258 1574 1371 1641 καὶ
1427 1571 1506 1641 τὸ
1560 1579 1790 1662 τρίτον
1844 1575 2045 1663 μέρος
2095 1578 2220 1642 τοῦ
2265 1571 2400 1642 άπὸ

367 1684 488 1762 τᾶς
533 1687 675 1749 ΕΖ.
750 1677 919 1749 ὥστε
961 1680 1076 1747 καὶ
1120 1676 1159 1749 ὁ
1199 1687 1400 1749 ΘΑΖ
1442 1678 1685 1767 τομεὺς
1728 1679 1880 1747 ποτὶ
1924 1677 2002 1748 τὸ
2049 1682 2404 1769 ἐγγεγραμ-

266 1800 333 1851 15
370 1787 577 1875 μένον
608 1790 829 1876 σχῆμα
846 1792 1116 1874 μείζονα
1134 1785 1345 1873 λόγον
1365 1791 1521 1874 ἔχει,
1549 1783 1718 1874 ἤπερ
1737 1786 1890 1854 ποτὶ
1909 1784 2030 1855 τὸν
2050 1794 2119 1854 Χ
2121 1803 2160 1858 Q
2177 1786 2401 1874 τομέα.

370 1891 540 1963 ὥστε
584 1898 824 1980 μείζων
870 1890 909 1960 ὁ
956 1899 1025 1960 Χ
1027 1909 1065 1964 Q
1108 1891 1352 1979 νομεὺς
1394 1896 1518 1960 τοῦ
1565 1895 2106 1983 ἐγγεγραμμένου
2150 1892 2400 1981 σχήμα-

367 2025 497 2079 τος.
572 1997 697 2066 οὔκ
742 2002 881 2067 ἐστι
927 2001 1023 2084 δέ,
1070 1996 1241 2067 ἀλλὰ
1288 1998 1609 2068 ἐλάσσων.
1685 1998 1810 2068 οὐκ
1847 1999 1980 2089 ἄρα
2018 2001 2199 2070 ἐστὶν
2237 1997 2402 2070 οὐδὲ

370 2104 675 2173 ἐλάσσων
731 2101 769 2172 ὁ
816 2111 885 2172 X
888 2121 926 2176 Q
961 2103 1203 2191 νομεὺς
1255 2107 1379 2172 τοῦ
1433 2107 1910 2194 περιεχομένου
1960 2112 2213 2195 χωρίου
2261 2104 2400 2176 ὑπό

368 2236 439 2278 τε
500 2214 619 2290 τᾶς
673 2217 1015 2278 ΑΒΓΔΕ
1076 2213 1292 2290 ἕλικος
1352 2211 1464 2278 καὶ
1521 2215 1647 2279 τᾶν
1704 2219 1864 2298 ΑΘ,
1920 2219 2052 2280 ΘΕ
2101 2209 2401 2283 εὐθετεῖν.

262 2330 331 2380 20
369 2323 516 2394 ἴσος
559 2313 708 2404 ἄρα.

1319 2475 1441 2557 κζ’.

509 2603 663 2666 Τῶν
708 2604 976 2687 χωρίων
1011 2601 1149 2667 τῶν
1186 2600 1676 2688 περιεχομένων
1711 2597 1847 2668 ὑπό
1885 2626 1956 2668 τε
1989 2604 2116 2669 τᾶν
2155 2601 2400 2670 ἑλίκων

366 2704 478 2773 καὶ
532 2708 658 2773 τᾶν
712 2700 993 2773 εὖθειᾶν
1047 2709 1172 2774 τᾶν
1228 2707 1303 2773 ἐν
1356 2710 1440 2794 τᾷ
1495 2711 1828 2796 περιφορᾷ
1874 2705 1950 2775 τὸ
1997 2706 2121 2794 μὲν
2166 2713 2400 2797 τρίτον

366 2814 488 2878 τοῦ
538 2813 857 2900 δευτέρου
902 2809 1263 2879 διπλάσιόν
1311 2813 1471 2897 ἐστι,
1516 2809 1593 2879 τὸ
1640 2810 1717 2880 δὲ
1760 2813 2076 2899 τέταρτον
2121 2813 2398 2903 τριπλά-

260 2927 328 2978 25
368 2933 541 3002 σιον,
586 2916 663 2985 τὸ
712 2916 789 2985 δὲ
832 2917 1130 3004 πέμπτον
1175 2916 1682 3007 τετραπλάσιον,
1727 2918 1839 2984 καὶ
1886 2915 1990 2986 ἀεὶ
2034 2916 2110 2986 τὸ
2161 2919 2395 3006 ἑπόμε-

366 3045 493 3088 νον
538 3021 704 3088 κατὰ
748 3020 908 3102 τοὺς
953 3024 1101 3110 ἑξῆς
1146 3020 1487 3110 ἀριθμοὺς
1530 3022 2030 3091 πολλαπλάσιον
2074 3029 2198 3093 τοῦ
2244 3030 2394 3095 δευ-

512 3221 558 3269 1.
598 3235 678 3269 ων
714 3214 777 3284 Ἐ,
813 3217 1004 3286 uulgo.
1116 3224 1166 3273 3.
1206 3216 1299 3289 αἱ]
1340 3236 1446 3275 om.
1485 3217 1554 3286 Ἐς
1595 3235 1732 3276 corr.
1771 3217 2061 3276 Torelliue.
2170 3226 2221 3273 4.
2260 3240 2394 3290 μιας

364 3285 434 3352 Ἐς
476 3302 615 3341 corr.
655 3286 948 3342 Torelliun.
1131 3294 1179 3346 5.
1216 3289 1350 3361 τᾶν]
1387 3309 1502 3345 των
1536 3289 1607 3358 Ἐς
1656 3305 1794 3345 corr.
1832 3288 2123 3345 Torellius.
2285 3291 2388 3363 τῷ]

365 3355 561 3412 addidi
596 3374 723 3412 cum
758 3357 920 3427 V(?);
958 3375 1067 3414 om.
1104 3358 1167 3429 Ἐ,
1202 3361 1396 3430 uulgo,
1507 3366 1556 3415 6.
1596 3379 2058 3430 αναγεγραφεται
2091 3360 2153 3430 Ἐ,
2190 3361 2390 3430 uulgo;

365 3422 869 3498 άναγεγράφονται
906 3428 1200 3513 ἸζοτοῙΙξιιε.
1252 3502 1277 3515 -
1358 3437 1406 3488 ’1.
1444 3450 1632 3500 τομεις
1666 3431 1727 3486 Ἐ.
1872 3451 1979 3486 ταν
2015 3450 2284 3516 μεγισταν
2319 3429 2391 3499 Ἐς

366 3514 505 3553 corr.
552 3498 614 3555 B.
797 3506 847 3557 8.
895 3520 1001 3555 ταν
1050 3500 1153 3572 τῳ]
1206 3522 1315 3557 ταν
1369 3519 1478 3559 om.
1524 3500 1593 3571 Ἐς
1649 3518 1786 3558 corr.
1833 3501 2137 3570 Torelhus;
2191 3522 2305 3558 των
2339 3501 2388 3555 Β
