2659 3967
399 214 486 280 84
1156 219 1332 270 ΠΕΡΙ
1367 216 1667 271 ΕΛῑΚῼΝ.

395 356 871 445 προαγούμενα
925 359 1439 445 λαμβανομένοις
1489 360 1610 437 τοῖς
1652 362 2076 447 περιφερείας
2120 354 2252 425 ἀπὸ
2302 361 2424 426 τοῦ

396 467 677 550 σαμείου
721 467 844 532 τοῦ
892 465 966 534 ἐν
1011 468 1094 553 τᾷ
1141 463 1314 553 ἀρχᾷ
1359 468 1488 544 τᾶς
1524 466 1911 553 περιφορᾶς.

530 574 695 638 ἔστω
754 571 920 655 ἕλιξ,
978 568 1085 656 ἐφ’
1136 561 1217 650 ἇς
1270 567 1313 641 ἆ
1347 577 1660 656 ΑΒΓΔ
1715 573 1791 639 ἐν
1844 574 1927 659 τᾷ
1973 568 2202 660 πρώτα
2243 592 2426 659 περι-

395 679 577 763 φορᾷ
625 677 1071 766 γεγραμμένα,
1116 675 1228 742 καὶ
1275 677 1652 757 ἐπιψαυέτω
1697 701 1798 756 τις
1843 673 2052 755 αὐτᾶς
2095 673 2334 744 εὐθεῖα
2379 673 2424 743 ἆ

324 797 358 846 5
395 788 601 848 ΕΛΖ
646 779 811 849 κατὰ
857 780 933 850 τὸ
970 790 1055 867 A,
1105 780 1235 850 ἀπὸ
1286 780 1363 849 δὲ
1407 785 1532 850 τοῦ
1563 789 1631 848 A
1675 783 1826 849 ποτὶ
1871 780 1998 849 τάν
2044 779 2262 905 ἆηρχὰν
2307 785 2428 861 τᾶς

394 888 613 966 ἕλικος
658 887 1032 975 ἐπεζεύχθω
1080 885 1122 954 ἁ
1160 896 1333 974 ΛΔ,
1382 885 1494 954 καὶ
1541 889 1793 979 κε’ντρω
1841 887 1964 974 μὲν
2009 891 2101 980 τῷ
2148 896 2234 974 A,
2283 891 2426 955 δια-

394 993 675 1081 στήματι
731 993 807 1062 δὲ
828 997 953 1124 ττῷ
1001 1003 1065 1063 Α
1076 1003 1143 1061 A
1186 993 1434 1074 κύκλος
1478 993 1847 1083 γεγράφθω
1897 991 1933 1063 ὃ
1984 1002 2052 1061 A
2062 1001 2234 1062 MN
2325 1018 2427 1061 τε·

392 1102 608 1186 μνέτω
656 1097 719 1167 δ’
772 1091 972 1182 οὗτος
1016 1100 1144 1169 τὰν
1188 1098 1410 1189 ἀρχὰν
1453 1111 1574 1179 τᾶς
1614 1104 1989 1190 περιφορᾶς
2023 1097 2188 1167 κατὰ
2233 1097 2312 1167 τὸ
2339 1107 2423 1167 K.

390 1201 587 1292 ἅχθω
653 1203 729 1273 δὲ
791 1233 834 1272 α
887 1213 1021 1273 ΖΑ
1082 1207 1236 1276 ποτὶ
1298 1205 1428 1274 τὰν
1472 1217 1539 1274 Α
1551 1215 1618 1274 A
1683 1204 1883 1296 ὀρθοί.
1975 1203 2080 1272 ὅτι
2126 1204 2250 1292 μὲν
2298 1196 2426 1272 οὖν

289 1329 357 1376 10
395 1308 566 1378 αὐτὰ
614 1316 969 1398 συμπιπτει
1016 1312 1169 1380 ποτὶ
1212 1310 1340 1381 τὰν
1388 1309 1548 1399 ZA,
1598 1317 1835 1399 δῆλον·
1885 1309 1987 1379 ὅτι
2034 1310 2110 1378 δὲ
2153 1312 2265 1378 καὶ
2313 1318 2426 1379 ἴσα

394 1417 576 1486 ἐστὶν
623 1414 667 1482 ἁ
715 1423 845 1486 ΖΑ
878 1415 1129 1486 ἐὐθεῖα
1166 1421 1253 1508 τᾷ
1294 1427 1366 1486 Κ
1373 1425 1460 1486 Μ
1461 1425 1539 1486 Ν
1545 1425 1613 1485 A
1655 1424 2064 1508 περιφερείᾳ,
2109 1418 2424 1485 δεικτέον.

524 1528 588 1591 εἰ
638 1523 771 1612 γὰρ
826 1524 951 1613 μή,
1006 1524 1156 1612 ἤτοι
1212 1531 1456 1612 μείζων
1502 1523 1685 1593 ἐστὶν
1731 1521 1774 1611 ἢ
1823 1523 2144 1599 ἐλάσσων.
2235 1528 2423 1608 ἔστω,

392 1631 455 1696 εί
498 1631 813 1718 δυνατόν,
860 1630 1188 1718 πρότερον
1234 1636 1493 1717 μείζων.
1568 1629 1892 1717 λελάφθω
1941 1629 2026 1716 δή
2071 1645 2172 1710 τις
2207 1627 2248 1696 ἆ
2290 1637 2427 1697 ΛΑ

389 2529 507 2604 τᾶς
554 2524 678 2613 μὲν
726 2532 856 2593 ZA
900 2524 1173 2607 εὐθείας
1219 2526 1555 2615 ἐλάσσων,
1608 2532 1728 2608 τᾶς
1775 2526 1851 2596 δὲ
1895 2534 1964 2595 K
1975 2533 2209 2595 MNA
2253 2550 2428 2615 περι-

284 2646 349 2695 15
391 2636 659 2718 φερείας
706 2636 964 2717 μείζων.
1038 2630 1243 2701 πάλιν
1291 2633 1376 2720 δὴ
1423 2634 1671 2714 κύκλος
1718 2633 1899 2702 ἐστὶν
1938 2631 1975 2702 ὁ
2014 2640 2269 2719 ΚΜΝ,
2315 2633 2428 2700 καὶ

390 2740 465 2806 ἐν
513 2742 606 2830 τῷ
653 2737 875 2830 κύκλῳ
922 2737 1193 2828 γραμμὰ
1244 2739 1550 2808 ἐλάσσων
1592 2743 1716 2818 τᾶς
1762 2739 2121 2827 διαμέτρου
2167 2735 2210 2805 ἁ
2259 2745 2427 2824 ΛΝ,

388 2844 501 2912 καὶ
560 2845 795 2932 λόγος,
858 2842 941 2913 ὃν
998 2851 1129 2933 ἔχει
1183 2843 1225 2913 ἆ
1277 2854 1421 2913 AA
1463 2846 1617 2914 ποτὶ
1664 2852 1802 2913 ΑΛ
1846 2850 2085 2933 μείζων
2130 2848 2286 2931 τοῦ,
2343 2839 2428 2912 ὃν

388 2955 522 3037 ἔχει
570 2948 611 3017 ἁ
660 2948 932 3037 ἡμίσεια
973 2955 1095 3030 τᾶς
1134 2957 1287 3017 AN
1324 2952 1476 3019 ποτὶ
1520 2950 1647 3018 τᾶν
1696 2949 1826 3019 ἀπὸ
1873 2953 1997 3018 τοῦ
2032 2959 2099 3018 A
2131 2949 2429 3019 κάθετον

390 3053 492 3124 ἐπ’
554 3054 771 3124 αὐτὰν
827 3054 1143 3143 ἄγμέναν.
1238 3055 1535 3125 δυνατὸν
1593 3049 1720 3125 οὖν
1777 3059 1958 3125 ἐστιν
2014 3054 2144 3124 ἀπὸ
2191 3061 2316 3125 τοῦ
2362 3066 2430 3124 A

283 3178 352 3227 20
390 3169 778 3249 ποτιβαλεῖν
823 3160 950 3230 τάν
979 3172 1043 3230 A
1054 3170 1117 3229 E
1156 3164 1309 3231 ποτὶ
1355 3161 1483 3231 τάν
1514 3169 1664 3230 NA
1701 3164 2212 3250 ἐκβεβλημέναν,
2260 3159 2430 3231 ὥστε

388 3267 516 3336 τὰν
564 3275 695 3336 ΕΡ
739 3269 893 3336 ποτὶ
946 3267 1072 3336 τὰν
1122 3275 1258 3336 AP
1302 3267 1426 3337 τὸν
1475 3267 1686 3337 αὐτὸν
1735 3275 1909 3358 ἔχειν
1955 3268 2195 3355 λόγον,
2254 3265 2336 3337 ὃν
2382 3266 2428 3336 ἁ

394 3383 459 3442 A
472 3384 534 3442 A
577 3375 728 3442 ποτὶ
774 3373 901 3442 τάν
939 3382 1094 3444 ΑΛ.
1162 3379 1492 3443 δεδείκται
1539 3373 1668 3462 γὰρ
1716 3378 1916 3443 τοῦτο
1957 3374 2254 3444 δυνατὸν
2293 3375 2430 3444 ἐόν.

536 3560 582 3606 1.
620 3572 955 3625 προαγμενα
1000 3554 1070 3622 F,
1129 3571 1298 3623 supra
1355 3553 1564 3623 scripto
1621 3552 1955 3622 compendio
2005 3572 2074 3607 ου
2123 3553 2432 3608 insolenter
