2659 3967
645 195 742 250 DE
782 193 1191 252 PLANORUM
1228 193 1722 262 Anommenns
1762 197 1882 252 etc:
2151 173 2281 259 1'45

369 340 482 405 VI.
556 339 628 406 Si
682 340 1163 425 magnitudines
1222 363 1256 404 e
1313 339 1699 425 quibusdam
1756 340 2278 424 longitudinibus

228 469 590 531 suspensae
639 447 1187 532 aequilibritatem
1232 451 1518 531 seruant,
1557 447 1756 512 etiam
1793 447 2276 531 magnitudines

228 553 319 618 iis
368 553 671 637 aequales
720 575 797 618 ex
842 553 1076 618 iisdem
1112 553 1632 639 longitudinibus
1672 575 2024 637 suspensae
2061 554 2278 642 aequi-

232 659 599 724 libritatem
648 660 1015 726 seruabunt.

369 765 517 832 VH.
581 765 945 832 Guiuslibet
968 766 1239 852 figurae,
1264 765 1446 832 euius
1475 767 1862 850 perimetrus
1905 767 1980 832 in
2007 766 2280 832 eandem

230 875 493 957 partem
549 895 711 938 caua
757 876 855 938 est
869 869 949 959 ¹),
1006 875 1300 952 centrum
1357 873 1705 959 grauitatis
1763 874 1939 938 intra
1999 873 2279 958 figuram

228 1001 377 1046 esse
425 1001 690 1045 neeesse
737 984 853 1044 est.
906 1016 981 1026 —
1034 977 1159 1044 His
1208 982 1428 1044 autem
1473 980 1826 1064 suppositis

1230 1228 1281 1292 Ι.

366 1351 694 1436 Pondera‚
758 1374 923 1436 quae
990 1373 1067 1416 ex
1127 1353 1505 1436 aequalibus
1561 1353 2080 1438 longitudinibus
2141 1375 2279 1418 sus·

232 1481 445 1542 pensa
492 1459 1039 1543 aequilibritatem
1092 1463 1376 1544 seruant,
1422 1458 1721 1545 aequalia
1767 1464 1934 1526 sunt.

368 1587 527 1629 nam
593 1566 650 1630 si
713 1565 1085 1651 inaequalia
1154 1571 1371 1651 erunt,
1437 1588 1699 1632 excessu
1766 1589 1806 1631 a
1859 1567 2105 1632 maiore
2169 1569 2280 1634 ab·

234 1672 401 1755 lat0‚
469 1692 634 1756 quae
697 1673 1175 1758 relinquuntur,
1246 1673 1798 1758 aequilibritatem
1863 1694 1997 1738 non
2063 1696 2282 1738 serua-

237 1778 404 1842 bunt
420 1827 437 1861 ‚
496 1779 804 1862 quoniam
860 1778 1410 1863 aequilibritatem
1467 1777 1877 1846 seruantibus
1934 1779 2018 1844 ab
2073 1780 2282 1845 altero

240 1883 493 1968 aliquid
522 1885 813 1950 ablatum
843 1889 944 1950 est
982 1885 1252 1970 [postul.
1282 1885 1372 1968 3].
1442 1883 1700 1972 quare2)
1733 1908 1897 1971 quae
1929 1907 2008 1951 ex
2045 1907 2282 1971 aequa-

238 1989 413 2055 libus
459 1990 980 2076 longitudinibus
1029 2014 1344 2078 suspensa
1391 1992 1943 2078 aequilibritatem
1991 1997 2286 2078 seruant,

242 2099 546 2182 aequalia
592 2101 761 2163 sunt.

1214 2293 1299 2360 H.

245 2451 301 2482 -,
378 2415 677 2484 Pondera
749 2417 1121 2503 inaequalia
1192 2440 1227 2482 e
1299 2418 1820 2504 longitudinibus
1895 2419 2304 2504 aequalibus

241 2545 563 2607 suspensa
610 2524 1157 2608 aequilibritatem
1201 2546 1336 2589 non
1373 2525 1750 2610 seruabunt,
1799 2527 1912 2590 sed
1953 2527 2035 2591 ad
2072 2525 2284 2590 maius

241 2634 535 2714 uergent.
1643 2647 1650 2652 ’

381 2757 534 2801 nam
574 2737 790 2802 ablato
830 2757 1094 2802 excessu
1127 2736 1682 2820 aequilibritatem
1713 2738 2088 2821 seruabunt,
2127 2759 2288 2821 quo-
2323 2743 2331 2750 '

242 2841 428 2908 niam
484 2843 780 2928 aequalia
834 2865 911 2908 ex
968 2843 1349 2929 aequalibus
1405 2842 1922 2930 longitudinibus
1971 2865 2286 2926 suspensa

246 2949 802 3034 aequilibritatem
880 2954 1145 3016 seruant
1222 2950 1487 3034 [postul.
1555 2951 1639 3030 1].
1750 2948 2000 3014 adiecto
2067 2949 2288 3035 igitur,

248 3056 425 3140 quod
472 3057 763 3122 ablatum
812 3061 938 3142 est,
985 3057 1068 3122 ad
1113 3058 1325 3122 maius
1371 3059 1663 3141 uergent,
1711 3056 2016 3140 quoniam
2068 3056 2287 3140 aequi-

244 3163 609 3228 libritatem
692 3165 1104 3230 seruantibus
1190 3163 1382 3229 alteri
1465 3162 1712 3248 aliquid
1788 3162 2137 3228 adiectum·
2185 3167 2289 3227 est

248 3271 447 3354 [post.
493 3268 585 3356 2].

312 3515 319 3522 ·
399 3483 452 3550 1)
489 3481 600 3537 Cfr.
640 3481 710 3536 de
750 3479 869 3549 sph.
910 3482 968 3534 et
1004 3480 1110 3550 oyl.
1149 3479 1175 3533 I
1214 3479 1323 3536 def.
1363 3485 1414 3534 2.

399 3555 455 3622 2)
490 3555 636 3607 Nam
671 3551 816 3606 illud
854 3551 1156 3606 absurdum
1196 3553 1286 3605 est
1320 3567 1387 3605 ex
1421 3551 1624 3622 postul.
1668 3558 1712 3606 1.

357 3651 681 3705 Archimedes,
708 3651 779 3693 ed.
809 3650 1031 3700 Heiberg.
1080 3651 1144 3690 11.
1899 3644 1964 3694 10
