2659 3967
387 155 521 220 264
1199 151 1612 203 ΨΑΜΜῙΤΗΣ.

386 299 513 383 γᾶς
569 295 861 365 ἐλάττων
917 294 1098 364 ἐστὶν
1152 290 1195 380 ἢ
1248 297 1934 383 τρισμυριοπλασίων,
1953 334 1968 338 -
1987 296 2107 374 τᾶς
2153 294 2228 362 δὲ
2274 297 2428 360 δια-

388 405 635 492 μέτρου
688 405 810 472 τοῦ
864 401 1124 489 κόσμου
1178 406 1418 488 μείζων
1469 396 1514 486 ἢ
1559 405 1995 488 τριπλασίων·
2089 405 2424 470 δεδείκται

388 508 519 598 γάρ
581 534 718 594 τοι,
785 507 959 576 διότι
1014 505 1263 586 παντὸς
1314 505 1566 574 κύκλου
1621 503 1663 573 ἃ
1720 506 2074 596 διάμετρος
2128 507 2423 578 ἐλάττων

390 616 571 686 ἐστὶν
635 611 677 702 ἢ
744 620 969 704 τρίτον
1035 615 1233 703 μέρος
1286 611 1532 692 παντὸς
1583 620 2014 700 πολυγωνίου
2066 620 2185 696 τᾶς
2235 643 2422 705 περι-

319 747 351 794 5
389 724 664 812 μέτρου,
730 718 769 788 ὅ
822 747 907 788 κα
960 713 1005 808 ᾗ
1062 719 1462 808 ἰσόπλευρον
1515 703 1628 788 καὶ
1683 721 2236 812 πολυγωνότερον
2291 727 2422 792 τοῦ

389 828 731 915 ἕξαγωνου
776 827 1315 917 ἐγγεγραμμένον
1363 827 1432 894 ἐν
1475 831 1567 920 τῷ
1614 826 1863 919 κύκλῳ·
1929 837 2032 916 εἴη
2067 855 2152 896 κα
2189 828 2232 898 ᾶ
2272 831 2424 898 διά-

388 960 624 1024 μετρος
672 938 797 1003 τοῦ
842 934 1100 1020 κόσμου
1146 932 1431 1004 ἐλάττων
1477 931 1520 1020 ἢ
1566 941 2072 1024 μυριοπλασίων
2115 941 2233 1016 τᾶς
2279 941 2424 1004 δια-

299 1064 305 1070 ·
388 1043 635 1130 μέτρου
692 1043 810 1120 τᾶς
872 1043 1015 1126 γᾶς.
1104 1037 1147 1108 ἆ
1205 1040 1327 1127 μὲν
1383 1029 1514 1107 οὖν
1574 1039 1928 1131 διάμετρος
1980 1047 2102 1111 τοῦ
2157 1043 2422 1129 κόσμου

390 1145 681 1220 ἐλάττων
728 1147 935 1214 ἐοῦσα
970 1143 1013 1233 ἢ
1052 1151 1553 1236 μυριοπλασίων
1586 1150 1708 1227 τᾶς
1741 1149 2104 1238 διαμέτρου
2140 1153 2257 1229 τᾶς
2291 1153 2423 1234 γᾶς

286 1275 351 1324 10
391 1257 737 1326 δεδείκται.
839 1252 943 1322 ὅτι
1016 1252 1094 1322 δὲ
1168 1253 1450 1322 ἐλάττων
1523 1253 1706 1321 ἐστὶν
1769 1251 1815 1320 ἆ
1877 1254 2231 1342 διάμετρος
2293 1260 2424 1323 τοῦ

388 1358 649 1447 κόσμου
700 1354 745 1445 ἢ
803 1363 1097 1428 σταδίων
1152 1357 1456 1448 μυριάκις
1511 1359 1832 1448 μυριάδες
1887 1360 1977 1450 ρ’,
2043 1365 2114 1430 ἐκ
2167 1361 2423 1430 τούτου

310 1472 351 1536 3
392 1469 621 1552 δῆλον.
668 1529 673 1534 ,
712 1465 853 1534 ἐπεὶ
910 1463 1043 1554 γὰρ
1094 1457 1438 1534 ’ὑποκείται
1491 1464 1618 1534 τάν
1671 1472 2066 1556 περίμετρον
2122 1473 2241 1550 τᾶς
2293 1475 2424 1556 γᾶς

389 1571 477 1660 μὴ
536 1577 805 1658 μείζονα
864 1569 1048 1658 εἶμεν
1101 1567 1145 1659 ἢ
1191 1578 1566 1658 τριακοσίας
1610 1573 1942 1662 μυριάδας
1988 1578 2315 1661 σταδίων,
2373 1573 2421 1642 ἆ

392 1678 467 1746 δὲ
519 1684 910 1768 περίμετρος
962 1681 1080 1758 τᾶς
1133 1683 1253 1764 γᾶς
1293 1684 1533 1764 μείζων
1581 1680 1763 1748 ἐστὶν
1809 1676 1850 1766 ἢ
1897 1686 2254 1767 τριπλασία
2298 1685 2424 1762 τᾶς

284 1807 351 1855 15
390 1785 751 1874 διαμέτρου
799 1783 912 1853 διὰ
958 1782 1033 1852 τὸ
1082 1781 1321 1863 παντὸς
1357 1783 1611 1852 κύκλου
1647 1784 1773 1853 τᾶν
1810 1789 2240 1876 περιφέρειαν
2278 1794 2421 1874 μεί-

391 1897 553 1974 ζονα
606 1888 791 1978 εἶμεν
844 1888 887 1978 ἢ
939 1897 1372 1980 τριπλασίονα
1413 1894 1532 1971 τᾶς
1579 1893 1968 1980 διαμέτρου,
2027 1898 2268 1980 δῆλον,
2325 1891 2422 1974 ὡς

390 1995 432 2066 ἆ
481 1999 835 2086 διάμετρος
878 2000 1000 2076 τᾶς
1044 2000 1167 2084 γᾶς
1210 1995 1499 2068 ἐλάττων
1545 1997 1727 2064 ἐστὶν
1773 1994 1816 2084 ἢ
1857 2003 2152 2068 σταδίων
2189 1999 2256 2087 ρ’
2297 2027 2416 2086 μυ·

391 2104 633 2193 ριάδες.
727 2102 866 2170 ἐπεὶ
928 2094 1055 2172 οὖν
1112 2099 1155 2172 ᾶ
1210 2105 1331 2172 τοῦ
1391 2101 1649 2190 κόσμου
1710 2103 2062 2194 διάμετρος
2122 2105 2417 2174 ἐλάττων

392 2209 571 2278 ἐστὶν
618 2205 661 2296 ἢ
708 2214 1204 2296 μυριοπλασίων
1248 2211 1368 2291 τᾶς
1413 2211 1774 2297 διαμέτρου
1817 2213 1935 2290 τᾶς
1979 2214 2134 2298 γᾶς,
2182 2214 2415 2302 δῆλον,

284 2337 353 2386 20
392 2313 481 2396 ὡς
526 2312 569 2382 ἁ
615 2319 737 2383 τοῦ
783 2313 1043 2401 κόσμου
1087 2313 1434 2401 διάμετρος
1481 2315 1772 2384 ἐλάττων
1819 2316 2002 2384 ἐστὶν
2036 2313 2081 2403 ἢ
2120 2321 2417 2387 σταδίων

306 2429 352 2492 4
388 2421 699 2511 μυριάκις
758 2420 1079 2510 μυριάδες
1131 2421 1216 2512 ρ’.
1304 2422 1458 2510 περὶ
1517 2422 1641 2509 μὲν
1687 2414 1816 2491 οὖν
1873 2427 2010 2492 τῶν
2070 2427 2416 2510 μεγεθέων

241 2525 245 2529 ’
387 2529 499 2596 καὶ
542 2533 680 2598 τῶν
728 2526 1207 2616 ἀποστημάτων
1252 2532 1463 2596 ταῦτα
1508 2526 1934 2616 ὑποτιθέμαι,
1981 2530 2132 2619 περὶ
2179 2530 2256 2599 δὲ
2291 2535 2416 2600 τοῦ

386 2633 667 2724 ψάμμου
711 2633 897 2702 τάδε·
972 2641 1035 2702 εἴ
1071 2657 1153 2702 κα
1196 2624 1241 2720 ᾗ
1287 2659 1350 2702 τι
1388 2640 1825 2722 συγκείμενον
1863 2636 2148 2722 μέγεθος
2185 2639 2256 2705 ἐκ
2291 2641 2417 2705 τοῦ

388 2741 667 2830 ψάμμου
720 2739 811 2828 μὴ
868 2745 1089 2828 μεῖζον
1142 2739 1481 2826 μάκωνος,
1537 2738 1661 2809 τὸν
1717 2737 2017 2831 ἀριθμὸν
2064 2738 2277 2810 αὐτοῦ
2323 2741 2414 2830 μὴ

282 2869 351 2916 25
390 2854 657 2934 μείζονα
694 2845 879 2934 εἶμεν
916 2852 1191 2934 μυρίων,
1239 2845 1352 2913 καὶ
1388 2844 1514 2914 τᾶν
1552 2845 1914 2934 διάμετρον
1949 2853 2070 2928 τᾶς
2106 2846 2420 2935 μάκωνος

389 2951 479 3040 μὴ
516 2953 837 3022 ἐλάττονα
874 2950 1052 3041 εἶμεν
1086 2947 1129 3038 ἢ
1158 2952 1813 3056 τετρωκοστομόριον
1843 2953 2194 3024 δακτύλου.
2251 2953 2417 3024 ὑπο-

531 3152 582 3204 5.
620 3167 651 3202 ο
692 3149 793 3220 κα]
824 3143 855 3201 ὁ
880 3129 978 3201 και
1008 3145 1076 3214 11³3
1116 3163 1253 3203 corr.
1284 3147 1508 3203 Wauis.
1616 3139 1680 3220 ᾖ]
1711 3147 1931 3216 addidi3
1971 3165 2079 3205 om.
2108 3149 2180 3218 F,
2219 3113 2413 3222 uulgss.

388 3215 745 3306 ἰσόπλευρον]
798 3216 1017 3288 scripsi3
1065 3236 1151 3273 εισ
1188 3239 1219 3273 ο
1254 3223 1337 3274 ἔθ’
1372 3223 1622 3289 πλευραν
1670 3220 1766 3289 (αν
1810 3235 1913 3289 per
1959 3221 2161 3291 comp.)
2212 3239 2308 3275 εον
2346 3222 2410 3290 F,

385 3290 584 3360 uulgo3
644 3287 972 3359 ἰσοπλεύρου
1004 3259 1118 3344 ἐόν
1164 3288 1740 3357 Wa11is,'r01·e11ius.
1915 3264 2410 3378 πολυγωνότερον]

386 3361 611 3501 3¹¹3&
656 3363 985 3488 ’ὧέἷῖἴιῗέῗ
1031 3379 1149 3487 ⁰¹2
1154 3362 1275 3486 <3⁶²⁹
1289 3377 1492 3488 ἒοῗῖρ
1495 3360 1644 3487 ζῖῗῆ,
1669 3358 2417 3516 ἳπῗὲἓοέᾋέἷέάῗῑέῗῶῗεᾯῖ

384 3450 496 3576 τῷδ’
509 3475 720 3576 κύκλῳ]
768 3501 987 3572 scripsi,
1032 3521 1139 3572 μεν
1183 3451 1286 3558 τιττῖ
1318 3452 1540 3558 ζῖικιλῗυ
1576 3503 1648 3571 F,
1693 3502 1892 3574 uulgo3
1949 3499 2057 3573 μὲν
2101 3503 2178 3573 τῷ
2225 3493 2416 3576 κύκλῳ
