2659 3967
1044 192 1525 249 FRAGMENTA.
2171 193 2304 259 459

268 363 417 417 νοις
470 335 590 423 ιβ’,
644 334 720 405 τὸ
768 336 846 407 δὲ
892 336 1211 424 δεύτερον
1256 334 1710 422 πενταγώνοις
1756 335 1855 422 ιβ’
1900 336 2014 404 καὶ
2061 335 2305 422 ἑξαγώ-

264 470 417 524 νοις
458 442 551 528 κ’,
596 441 673 512 τὸ
723 440 800 511 δὲ
833 447 1062 531 τρίτον
1099 440 1456 529 τριγώνοις
1491 441 1558 509 κ’
1596 440 1707 509 καὶ
1746 442 2153 528 δεκαγώνοις
2189 442 2304 527 ιβ’.

401 548 561 636 μετὰ
593 547 669 616 δὲ
696 552 907 616 ταῦτα
937 550 1010 615 ἕν
1040 550 1221 616 ἐστιν
1256 545 2108 637 ὀκτωκαιτριακοντάεδρον
2127 570 2305 634 περι-

263 654 590 743 εχόμενον
634 652 767 724 ὑπὸ
815 653 1166 744 τριγώνων
1212 654 1333 739 λβ’
1379 654 1493 721 καὶ
1535 652 1973 742 τετραγώνων
2022 651 2106 725 ς’.

400 759 564 848 μετὰ
609 760 686 829 δὲ
719 764 920 829 τοῦτο
962 758 1688 849 δυοκαιεξηκοντοὲεδρά
1727 761 1865 829 ἐστι
1902 759 2052 843 δύο,
2090 750 2189 827 ῶν
2225 756 2302 828 τὸ

268 866 391 953 μὲν
426 871 695 954 πρῶτον
730 869 1099 955 περιέχεται
1134 865 1490 955 τριγώνοις
1523 864 1590 932 κ’
1625 864 1738 933 καὶ
1766 864 2206 953 τετραγώνοις
2234 865 2301 932 λ’

264 974 381 1041 καὶ
434 973 888 1061 πενταγώνοις
942 973 1063 1060 ιβ’,
1120 971 1197 1041 τὸ
1255 972 1331 1041 δὲ
1387 970 1704 1059 δεύτερον
1749 971 2191 1060 τετραγώνοις
2234 970 2301 1039 λ’

265 1078 377 1148 καὶ
424 1080 785 1167 ἑξαγώνοις
828 1078 894 1147 κ’
941 1079 1053 1147 καὶ
1099 1077 1510 1165 δεκαγώνοις
1558 1077 1682 1163 ιβ’.

399 1185 561 1273 μετὰ
626 1185 705 1256 δὲ
763 1191 974 1255 ταῦτα
1034 1184 1419 1255 τελευταῖόν
1476 1186 1659 1252 ἐστιν
1713 1189 2301 1272 δυοκαιενενηκον-

260 1291 575 1380 τάεδρον,
615 1288 653 1361 ὃ
681 1293 1049 1381 περιέχεται
1073 1290 1430 1379 τριγώνοις
1457 1290 1530 1357 π’
1557 1290 1672 1359 καὶ
1699 1293 2150 1378 πενταγώνοις
2178 1292 2301 1378 ιβ’.

400 1396 563 1477 ὅσας
608 1396 687 1467 δὲ
730 1402 978 1483 γωνίας
1023 1396 1302 1464 ἕκαστον
1349 1401 1486 1484 ἔχει
1529 1395 1800 1484 στερεάς
1835 1401 1972 1466 τῶν
2010 1397 2114 1484 ιγ’
2150 1397 2301 1466 τού-

264 1528 401 1571 των
438 1502 795 1591 σχημάτων
830 1503 1223 1589 πολυέδρων
1258 1502 1374 1570 καὶ
1411 1500 1574 1581 ὅσας
1609 1502 1920 1591 πλευράς,
1958 1502 2073 1571 διὰ
2099 1507 2302 1571 τοῦδε

264 1613 391 1679 τοῦ
443 1609 699 1699 τρόπου
751 1619 1134 1699 θεωρεῖται·
1218 1606 1402 1677 ὅσων
1455 1608 1580 1695 μὲν
1635 1606 1766 1695 γὰρ
1821 1606 2048 1689 ἁπλῶς
2101 1616 2302 1678 πολυ-

180 1748 183 1752 ·
263 1716 486 1803 έδρων
532 1719 609 1785 αἱ
650 1716 907 1804 στερεαὶ
954 1719 1195 1802 γωνίαι
1240 1714 1462 1801 τρισὶν
1513 1704 1848 1795 ἐπιπέδοις
1883 1717 2301 1803 περιέχονται

265 1827 571 1909 γωνίαις,
634 1823 1218 1910 ἐξαριθμηθεισῶν
1276 1823 1416 1887 τῶν
1475 1820 1806 1889 ἐπιπέδων
1861 1824 2162 1907 γωνιῶν,
2223 1818 2302 1902 ἃς

265 1933 538 2015 ἔχουσιν
584 1932 791 1997 πᾶσαι
836 1930 913 1995 αἴ
954 1928 1149 2015 ἕδραι
1188 1930 1313 1995 τοῦ
1360 1927 1770 2013 πολυέδρου,
1827 1930 2068 2013 δῆλον,
2103 1924 2215 2008 ,ῶς
2261 1925 2298 1996 ὁ

264 2038 404 2103 τῶν
459 2038 748 2124 στερεῶν
804 2037 1075 2120 γωνιῶν
1130 2030 1426 2121 ἆριθμος
1476 2036 1703 2119 τρίτον
1749 2033 1948 2119 μέρος
1995 2034 2133 2100 ἐστὶ
2177 2038 2300 2102 τοῦ

266 2141 639 2227 γενομένου
674 2137 1005 2229 ἀριθμοῦ·
1061 2137 1243 2208 ὅσων
1282 2138 1359 2209 δὲ
1395 2139 1785 2226 πολυέδρων
1822 2134 1865 2224 ἡ
1903 2138 2134 2225 στερεὰ
2173 2164 2303 2225 γω-

264 2251 384 2314 νία
440 2247 809 2334 περιέχεται
868 2247 1227 2333 τέσσαρσιν
1286 2246 1666 2329 ἐπιπέδοις,
1716 2246 2301 2334 ἐξαριθμηθεισῶν

264 2356 504 2421 πασῶν
538 2356 677 2421 τῶν
716 2353 1047 2421 ἐπιπέδων
1085 2353 1382 2437 γωνιῶν,
1417 2345 1498 2430 ἃς
1531 2354 1806 2438 ἔχουσιν
1842 2354 1918 2418 αἱ
1949 2352 2140 2439 ἕδραι
2177 2354 2301 2419 τοῦ

264 2462 670 2549 πολυέδρου,
716 2462 839 2529 τοῦ
885 2459 1259 2545 γενομένου
1293 2456 1598 2544 ἀριθμοῦ
1634 2455 1712 2525 τὸ
1749 2457 2064 2546 τέταρτον
2101 2458 2302 2544 μέρος

266 2568 450 2635 ἐστὶν
489 2563 526 2635 ὁ
562 2563 857 2654 ἀριθμὸς
894 2561 931 2632 ὁ
968 2568 1107 2633 τῶν
1136 2565 1427 2652 στερεῶν
1454 2566 1726 2648 γωνιῶν
1751 2565 1875 2630 τοῦ
1904 2563 2300 2650 πολυέδρου.

266 2670 517 2759 ὁμοίως
562 2671 641 2739 δὲ
683 2672 797 2739 καὶ
842 2669 1025 2739 ὅσων
1070 2670 1466 2757 πολυέδρων
1509 2665 1553 2754 ἡ
1599 2665 1830 2756 στερεὰ
1868 2672 2084 2754 γωνία
2121 2692 2302 2757 περι-

268 2778 499 2865 έχεται
526 2774 662 2845 ὑπὸ
712 2775 769 2844 ε’
815 2781 1086 2863 γωνιῶν
1134 2776 1487 2859 ἐπιπέδων,
1531 2772 1609 2841 τὸ
1646 2774 1943 2859 πέμπτον
1979 2776 2102 2842 τοῦ
2139 2774 2302 2859 πλή-

266 2892 441 2963 θους
484 2885 621 2952 τῶν
668 2883 999 2951 ἐπιπέδων
1044 2884 1315 2968 γωνιῶν
1360 2882 1540 2949 ἐστιν
1574 2876 1614 2947 ,ὁ
1653 2875 1946 2966 ἀριθμὸς
1981 2883 2104 2947 τοῦ
2137 2882 2302 2966 πλή-

268 2998 445 3069 θους
486 2992 624 3058 τῶν
671 2993 960 3075 στερεῶν
1005 2993 1293 3075 γωνιῶν.

402 3099 540 3165 τῶν
596 3095 673 3164 δὲ
726 3100 1037 3184 πλευρῶν
1081 3093 1159 3163 τὸ
1204 3098 1488 3183 πλῆθος,
1535 3089 1616 3173 ἃς
1659 3093 1940 3161 ἕκαστον
1987 3096 2118 3179 ἔχει
2148 3096 2301 3161 ,τῶν

268 3203 695 3289 πολυέδρων,
749 3200 947 3271 τόνδε
992 3199 1116 3271 τὸν
1160 3201 1415 3289 τρόπον
1461 3197 1852 3288 εὑρήσομεν.
1945 3199 2302 3287 ἐξαριθμη-

267 3313 525 3378 θεισῶν
571 3307 701 3397 γὰρ
746 3312 981 3378 πασῶν
1027 3312 1162 3377 τῶν
1206 3311 1547 3396 πλευρῶν,
1593 3300 1676 3386 ἃς
1720 3310 1851 3392 ἔχει
1895 3302 1976 3374 τὰ
2025 3306 2301 3373 ἐπίπεδα

267 3416 349 3483 τὰ
395 3416 786 3504 περιέχοντα
830 3413 907 3483 τὸ
955 3414 1357 3503 πολύεδρον,
1405 3411 1442 3481 ὅ
1490 3410 1787 3501 ἀριθμὸς
1825 3409 2052 3481 αὐτῶν
2089 3415 2300 3497 δῆλον

270 3518 362 3601 ῶς
408 3530 554 3600 ἴσος
598 3521 781 3589 ἐστὶν
824 3524 916 3612 τῷ
954 3518 1199 3606 πλήθει
1233 3524 1372 3587 τῶν
1411 3518 1741 3587 ἐπιπέδων
1778 3519 2065 3603 γωνιῶν.
2147 3515 2294 3585 ἀλλ’
