2659 3967
385 164 515 229 164
569 165 958 217 ΕΠΙΠΕΔΩΝ
990 165 1226 220 ΙΣΟΡΡ.
1260 166 1319 216 Η
1353 165 1640 217 KENTPA
1673 165 1916 218 ΒΑΡΩΝ
1949 166 2158 218 ΕΠΙΠ.
2195 161 2277 219 A‘.

382 314 554 393 ἴσας,
601 305 714 374 καὶ
751 304 885 375 άπὸ
924 310 1061 374 τῶν
1095 304 1264 373 κατὰ
1301 304 1420 384 τὰς
1457 308 1827 392 ὃιαιρεσίας
1864 310 2157 393 σαμείων
2195 305 2424 394 ἄχθω-
2464 279 2478 286 ⁸

383 431 512 484 σαν
567 412 747 502 παρὰ
804 413 929 482 τάν
976 419 1119 481 ΕΖ.
1212 413 1715 512 διαιρεθησέται
1771 411 1856 499 δὴ
1912 410 1988 480 τὸ
2036 410 2201 482 ὅλον
2255 435 2426 502 παρ-

384 518 947 609 αλληλόγραμμον
1023 522 1119 599 εἰς
1189 518 1850 608 παραλληλόγραμμά
1915 545 2068 586 τινα
2130 527 2245 587 ἶσα
2307 519 2428 586 καὶ

388 1315 589 1404 ὁμοῖα
633 1321 725 1411 τῷ
765 1324 915 1386 ΚΖ.
986 1322 1124 1388 τῶν
1163 1312 1292 1387 οὐν
1328 1318 2044 1408 παραλληλογράμμων
2080 1322 2217 1388 τῶν
2255 1327 2428 1387 ἴσων

316 1445 349 1496 ὅ
386 1423 499 1490 καὶ
556 1421 813 1511 ὁμοίων
877 1429 970 1517 τῷ
1027 1433 1163 1492 ΚΖ
1227 1428 1787 1514 ἐφαρμοζομένων
1843 1423 1944 1494 ἐπ’
2005 1424 2259 1493 ἄλλαλα
2311 1425 2426 1492 καὶ

385 1528 467 1597 τὰ
522 1532 764 1618 κέντρα
817 1536 939 1600 τοῦ
995 1531 1239 1620 βάρεος
1294 1529 1521 1600 αὐτῶν
1578 1529 1678 1600 ἐπ’
1740 1531 1998 1601 ἄλλαλα
2043 1531 2426 1601 πεσούνται.

387 1637 743 1705 ἑσσοῦνται
790 1637 875 1726 δὴ
925 1638 1211 1725 μεγέθεα
1257 1663 1432 1724 τινα,
1477 1637 2138 1726 παραλληλόγραμμα
2178 1646 2293 1705 ἴσα
2329 1641 2423 1729 τῷ

388 1751 541 1830 ΚΖ,
589 1742 787 1832 ἄρτια
832 1747 924 1836 τῷ
971 1743 1239 1830 πλήθει,
1286 1743 1398 1811 καὶ
1445 1742 1526 1812 τὰ
1573 1745 1815 1831 κέντρα
1858 1747 1984 1811 τοῦ
2025 1745 2267 1829 βάρεος
2303 1741 2427 1812 αὐ-

387 1855 524 1919 τῶν
572 1848 671 1918 ἐπ’
724 1848 995 1930 εὐθείας
1038 1857 1342 1938 κείμενα,
1388 1851 1503 1918 καὶ
1547 1849 1631 1918 τὰ
1670 1852 1838 1937 μέσα
1875 1859 2010 1938 ἴσα,
2056 1850 2167 1918 καὶ
2206 1849 2426 1918 πάντα

284 1980 351 2028 10
389 1955 469 2024 τὰ
528 1956 637 2044 ἐφ’
699 1956 975 2044 ἑκάτερα
1020 1961 1157 2026 τῶν
1205 1959 1429 2044 μέσων
1477 1954 1647 2025 αὐτά
1694 1983 1786 2024 τε-
1811 1965 1923 2026 ἴσα
1971 1961 2139 2044 ἐντί,
2194 1955 2307 2024 καὶ
2355 1959 2430 2022 αἱ

388 2060 631 2150 μεταξὺ
696 2066 833 2129 τῶν
896 2063 1192 2149 κέντρων
1258 2060 1522 2130 εὐθείαι
1587 2070 1746 2131 ἴσαι.
1839 2068 1963 2132 τοῦ
2021 2066 2094 2133 ἐκ
2146 2062 2423 2130 πάντων

389 2166 615 2237 αὐτῶν
662 2166 795 2256 ἄρα
844 2169 1283 2254 συγκειμένου
1329 2170 1649 2255 μεγέθεος
1692 2169 1769 2238 τὸ
1815 2171 2097 2259 κέντρον
2136 2171 2426 2238 ἑσσείται

387 2279 511 2342 τοῦ
576 2273 820 2362 βάρεος
885 2273 991 2340 ἐπὶ
1054 2278 1174 2354 τᾶς
1228 2273 1504 2355 εὐθείας
1556 2280 1675 2356 τοῖς
1731 2274 2288 2361 ἐπιζευγνυούσας
2341 2272 2422 2341 τὰ

387 2382 631 2470 κέντρα
674 2370 802 2447 τοῦ
844 2378 1088 2468 βάρεος
1131 2384 1269 2449 τῶν
1316 2383 1540 2469 μέσων
1586 2387 1870 2470 χωρίων.
1963 2379 2090 2451 οὐκ
2136 2387 2274 2450 ἔστι
2322 2381 2424 2448 δέ·

286 2511 353 2562 15
389 2485 467 2556 τὸ
521 2486 653 2574 γὰρ
700 2493 759 2554 Θ
815 2485 1000 2566 ἐκτός
1056 2488 1193 2554 ἐστι
1237 2492 1375 2556 τῶν
1421 2490 1645 2576 μέσων
1690 2487 2424 2577 παραλληλογράμμων.
2517 2545 2532 2557 .

390 2591 691 2682 φανερὸν
756 2584 915 2679 οὖν,
982 2590 1085 2660 ὅτι
1142 2594 1247 2661 ἐπὶ
1301 2599 1420 2674 τᾶς
1476 2602 1601 2662 ΕΖ
1665 2591 1938 2674 εὐθείας
1998 2593 2076 2663 τὸ
2141 2596 2424 2683 κέντρον

391 2702 529 2769 ἐστὶ
573 2703 696 2769 τοῦ
743 2698 987 2787 βάρεος
1030 2703 1152 2767 τοῦ
1200 2706 1470 2769 ΑΒΓΔ
1513 2700 2234 2789 παραλληλογράμμου.

1377 2923 1400 2962 ι
1425 2949 1439 2963 .

528 3017 800 3098 Παντὸς
842 3018 1544 3109 παραλληλογράμμου
1588 3019 1663 3089 τὸ
1703 3021 1982 3110 κέντρον
2018 3026 2140 3089 τοῦ
2178 3020 2426 3109 βάρεός

286 3151 356 3200 20
395 3129 534 3195 ἐστι
579 3123 655 3195 τὸ
705 3139 1004 3212 σαμεῖον,
1050 3126 1209 3194 καθ’
1264 3123 1306 3195 ὅ
1357 3131 1431 3194 αἱ
1474 3129 1815 3216 διαμέτροι
1862 3133 2323 3214 συμπίπτοντι.

532 3237 697 3300 ἔστω
744 3232 1442 3322 παραλληλόγραμμον
1487 3233 1563 3302 τὸ
1613 3239 1911 3319 ΑΒΓΔ,
1966 3235 2079 3301 καὶ
2126 3236 2199 3302 ἐν
2247 3230 2428 3326 αὐτῷ

398 3338 441 3408 ἁ
480 3347 605 3407 ΕΖ
652 3343 806 3426 δίχα
842 3340 1177 3426 τέμνουσα
1212 3338 1332 3420 τὰς
1369 3349 1523 3429 ΑΒ,
1560 3347 1708 3426 ΓΔ,
1757 3338 1799 3407 ἆ
1840 3339 1914 3408 δὲ
1943 3347 2013 3408 Κ
2022 3346 2083 3407 Λ
2119 3339 2238 3421 τὰς
2273 3347 2338 3408 Α
2352 3346 2430 3425 Γ,

545 3526 594 3574 1.
631 3520 854 3589 ὃιαιρεσ
889 3536 1017 3575 eum
1055 3534 1236 3588 comp.
1274 3539 1342 3587 ης
1377 3519 1448 3586 F;
1497 3517 1801 3590 διαιρέσεις
1836 3518 2025 3588 uulgo,
2187 3525 2239 3572 3.
2276 3519 2432 3590 τινα]
