2659 3967
415 197 506 265 30
1177 198 1354 251 ΠΕΡΙ
1388 197 1687 252 mnam.

413 338 754 408 νεύουσαν
813 338 922 407 ἐπὶ
979 337 1058 409 τὸ
1118 346 1203 407 K.
1305 336 1384 406 τὸ
1445 337 1531 427 δὴ
1592 340 2069 429 περιεχόμενον
2127 338 2261 409 ὑπὸ
2321 346 2456 410 τᾶν

412 448 550 532 EI,
603 451 651 513 I
655 453 718 513 A
773 445 926 515 ποτὶ
981 443 1058 514 τὸ
1114 442 1246 513 ὑπὸ
1301 448 1431 513 τᾶν
1484 451 1650 532 ΚΕ,
1705 453 1753 514 I
1758 454 1821 514 A
1872 446 1995 516 τὸν
2052 445 2262 517 αὐτὸν
2316 453 2457 535 ἔχει

1589 551 1830 639 λόγον,
1898 551 1981 623 ὃν
2036 552 2079 621 ἅ
2135 556 2246 633 ΞΙ
2295 555 2456 623 ποτὶ

1590 665 1758 746 ΚΕ,
1824 662 1935 728 καὶ
1993 660 2071 730 τὸ
2132 659 2266 731 ὑπὸ
2321 652 2455 729 τᾶν

1590 773 1737 854 ΚΙ,
1801 773 1931 835 ΙΝ
1976 768 2128 836 ποτὶ
2182 765 2257 836 τὸ
2312 765 2453 837 ὑπὸ

1589 876 1716 943 τᾶν
1749 879 1885 958 ΚΙ,
1920 879 2044 942 ΓΛ
2080 871 2201 943 τὸν
2239 872 2453 943 αὐτὸν

1589 984 1721 1066 ἔχει
1784 978 2025 1066 λόγον,
2089 975 2175 1048 ,ὃν
2229 976 2274 1047 ἆ
2328 986 2462 1047 ΙΝ

1588 1086 1741 1154 ποτὶ
1785 1090 1923 1154 ΓΛ.
2016 1084 2186 1155 ὥστε
2237 1086 2351 1154 καὶ
2406 1082 2454 1152 ἆ

1586 1199 1718 1261 ΙΝ
1752 1192 1905 1262 ποτὶ
1943 1198 2063 1261 ΓΛ
2109 1193 2312 1278 ἐστιν,
2359 1188 2455 1273 ὥς

1588 1296 1631 1367 ἆ
1688 1300 1800 1377 ΞῙ
1843 1299 1996 1367 ποτὶ
2044 1305 2197 1367 ΚΕ.
2281 1296 2453 1368 ὥστε

1587 1406 1700 1474 καὶ
1768 1402 1812 1473 ἆ
1886 1411 2043 1474 ΓΜ
2092 1404 2245 1473 ποτὶ
2307 1410 2453 1493 ΓΛ,

1588 1513 1701 1580 καὶ
1747 1510 1790 1579 ἆ
1819 1514 1949 1589 ΞΓ
1984 1511 2136 1580 ποτὶ
2170 1516 2311 1579 ΚΓ
2338 1510 2453 1578 καὶ

1588 1619 1740 1688 ποτὶ
1765 1625 1898 1687 ΚΒ
1928 1621 2132 1704 ἐστιν,
2162 1615 2253 1699 ὥς
2281 1614 2322 1685 ἆ
2344 1619 2460 1695 ,EI

413 1729 584 1796 ποτὶ·
612 1733 783 1814 ΚΕ,
836 1730 949 1794 καὶ
1004 1725 1205 1795 λοιπὰ
1251 1724 1292 1795 ἆ
1342 1733 1390 1794 Ι
1394 1732 1458 1795 Γ
1502 1726 1655 1794 ποτὶ
1699 1731 1834 1792 ΒΕ
1882 1725 2004 1795 τὸν
2060 1722 2271 1793 αὐτὸν
2318 1729 2453 1810 ἔχει

310 1845 376 1892 15
415 1834 647 1921 λόγον,
705 1829 788 1903 ὃν
835 1831 877 1901 ἆ
927 1836 1058 1912 ΞΓ
1101 1835 1256 1903 ποτὶ
1300 1832 1426 1902 τάν
1471 1840 1634 1919 ΓΚ,
1688 1832 1801 1899 καὶ
1848 1828 1930 1901 ὃν
1976 1829 2020 1898 ἁ
2063 1838 2144 1899 Η
2178 1831 2330 1899 ποτὶ
2377 1838 2452 1899 Ζ.

412 1942 753 2009 πέπτωκεν
777 1932 930 2007 ὀὖν
977 1937 1021 2005 ἆ
1063 1946 1217 2007 ΚΝ
1254 1940 1410 2007 ποτὶ
1455 1936 1579 2007 τάν
1625 1939 2114 2024 ἐπιψαύουσαν,
2158 1937 2272 2004 καὶ
2318 1941 2453 2025 ἔχει

410 2044 455 2115 ἆ
501 2043 745 2134 μεταξὺ
790 2049 908 2126 τᾶς
952 2051 1381 2133 περιφερείας
1424 2046 1537 2114 καὶ
1583 2048 1702 2124 τᾶς
1748 2040 2019 2125 εὐθείας
2054 2042 2098 2111 ἆ
2133 2046 2269 2111 ΒΕ
2299 2043 2453 2111 ποτὶ

410 2153 536 2221 τὰν
599 2152 1119 2238 ἀπολαφθεῖσαν
1186 2148 1318 2219 ἀπὸ
1374 2156 1494 2232 τᾶς
1549 2150 2010 2233 ἐπιψαυούσας
2062 2148 2182 2219 τὸν
2238 2148 2452 2219 αὐτὸν

410 2258 642 2345 λόγον,
689 2253 772 2327 ὃν
819 2254 862 2324 ἆ
913 2264 968 2324 Ζ
1013 2257 1166 2326 ποτὶ
1209 2255 1338 2325 τάν
1387 2264 1475 2326 Η.

219 2506 226 2511 ,
307 2461 377 2511 20
1385 2451 1482 2521 θ’.

554 2580 705 2645 Τῶν
761 2574 988 2645 αὐτῶν
1043 2578 1430 2664 δεδομένων
1482 2575 1596 2644 καὶ
1646 2579 1767 2655 τᾶς
1822 2577 1897 2644 ἐν
1943 2579 2035 2668 τῷ
2079 2574 2302 2668 κύκλῳ
2352 2580 2453 2645 δε-

413 2682 700 2769 δομένας
744 2686 1052 2771 γραμμᾶς
1097 2683 1578 2769 ἐκβεβλημένας
1624 2678 1917 2749 δυνατὸν
1965 2678 2097 2749 ἀπὸ
2144 2685 2267 2749 τοῦ
2302 2681 2453 2750 κε’ν-

410 2812 576 2875 τρου
629 2792 754 2856 τοῦ
807 2788 1063 2857 κύκλου
1117 2794 1504 2874 ποτιβαλεῖν
1562 2788 1716 2855 ποτὶ
1773 2786 1897 2857 τὰν
1958 2788 2453 2876 ἐκβεβλημέναν

412 2891 721 2981 εὐθεῖαν,
786 2893 956 2964 ὥστε
1017 2894 1146 2963 τάν
1205 2892 1450 2982 μεταξὺ
1508 2898 1629 2974 τᾶς
1684 2900 2109 2983 περιφερείας
2163 2894 2275 2962 καὶ
2332 2898 2454 2974 τᾶς

303 3012 374 3061 25
413 3000 897 3088 ἐκβεβλημένας
959 3002 1112 3069 ποτὶ
1173 2998 1300 3069 τάν
1360 2998 1879 3087 ἄπολαφθεῖσαν
1942 2997 2073 3067 ἀπὸ
2138 3003 2257 3079 τᾶς
2321 3000 2454 3067 ἐπι-

559 3200 606 3250 1.
643 3194 777 3319 τᾶνι]
815 3213 916 3249 του
952 3195 997 3249 F
1010 3217 1025 3263 ς
1075 3212 1215 3251 corr.
1266 3194 1564 3253 Torellius.
1746 3202 1797 3251 2.
1835 3196 1987 3256 ΞΙΛ
2024 3195 2097 3263 F;
2145 3212 2285 3251 corr.
2323 3194 2449 3251 AB.

410 3266 544 3337 τᾶν]
584 3286 695 3321 των
788 3288 803 3333 3
843 3282 982 3321 corr.
1022 3266 1318 3333 Torellius.
1429 3274 1479 3323 4.
1518 3267 1652 3340 τᾶν]
1690 3287 1801 3321 των
1880 3284 1941 3321 er
1977 3283 2159 3336 comp.
2196 3266 2241 3321 F
2250 3288 2270 3352 ᾗ
2308 3282 2450 3321 corr.

413 3336 712 3406 Torellius,
750 3338 816 3392 ut
849 3336 948 3391 lin.
988 3343 1039 3393 6.
1150 3342 1200 3392 5.
1230 3342 1287 3393 K
1298 3341 1405 3392 ΙΝ
1436 3338 1480 3392 F
1493 3360 1507 3404 ς
1546 3354 1686 3393 corr.
1724 3337 1811 3393 ed.
1886 3337 2008 3392 asil.
2120 3343 2171 3391 6.
2210 3355 2310 3392 τον
2346 3331 2450 3391 αὖ·

411 3404 514 3463 τὸν
562 3405 680 3478 ἔχει
716 3402 912 3478 λόγον,
961 3400 1028 3463 ὃν
1076 3402 1114 3463 ἃ
1156 3410 1262 3463 ΙΝ
1293 3408 1425 3463 ποτὶ
1465 3410 1593 3481 ΓΛ]
1634 3426 1743 3465 om.
1782 3406 1851 3476 F3
1908 3424 2050 3463 corr.
2089 3407 2451 3464 Commandi-

408 3497 530 3533 nus.
713 3484 764 3533 8.
803 3473 870 3550 ἁ]
906 3498 943 3548 η
977 3479 1050 3546 Ἐς
1099 3495 1238 3535 corr.
1280 3478 1587 3546 Toranius,
1622 3482 1687 3533 ut
1721 3478 1821 3534 lin.
1862 3484 1947 3548 10,
1987 3485 2072 3547 11,
2114 3485 2199 3548 12,
2240 3485 2324 3548 13,
2364 3483 2449 3534 14.

549 3556 634 3605 14.
671 3553 841 3618 λοιπη
877 3549 938 3615 F,
977 3549 1168 3619 uulgo.
1283 3556 1367 3605 15.
1407 3550 1476 3620 Z]
1515 3550 1737 3621 scripsi3
1773 3569 1839 3605 το
1878 3554 1921 3604 Ζ
1956 3550 2019 3618 F,
2059 3550 2253 3620 uulgo,
2366 3554 2450 3604 18.

2623 0 2643 411 1

2640 512 2645 799 J
