2659 3967
437 182 568 247 336
888 182 1503 235 ΤΕΤΡΑΓΩΝΙΣΜΟΣ
1538 181 2006 237 ΠΑΡΑΒΟΛΗΣ.

436 343 567 392 σαν
629 327 748 403 τᾶς
808 326 1014 409 τρμᾶς
1075 321 1240 390 κατὰ
1305 320 1383 391 τὸ
1438 312 1511 390 Θ.
1604 320 1796 411 ἅχθω
1861 321 1937 391 δὲ
2000 318 2043 387 ἆ
2098 328 2223 389 ΕΘ
2288 320 2481 409 παρὰ

435 429 560 499 ταν
627 428 1018 517 διάμετρον,
1083 427 1276 517 ἄχθω
1337 427 1412 495 δὲ
1465 428 1577 495 καὶ
1632 426 1761 496 άπὸ
1819 432 1943 496 τοῦ
1997 435 2055 496 Β
2108 427 2289 523 παρὰ
2344 426 2484 496 τὰν

437 536 798 625 διάμετρον
854 533 896 602 ἁ
951 544 1118 622 ΒΔ,
1179 533 1312 604 άπὸ
1370 534 1446 603 δὲ
1499 538 1621 603 τοῦ
1665 542 1731 603 Γ
1776 532 1819 603 ἁ
1866 542 1993 603 ΓΔ
2047 534 2482 616 ἐπιψαύουσα

435 647 554 723 τοῖς
595 646 720 711 τοῦ
765 641 992 711 κώνου
1036 645 1244 729 τομᾶς
1285 639 1451 709 κατὰ
1498 641 1573 710 τὸ
1612 647 1687 710 Γ.
1750 640 1891 709 ἐπεὶ
1928 632 2057 709 οὖν
2093 637 2136 708 ἁ
2175 639 2299 727 μὲν
2336 647 2483 708 ΚΘ

367 762 399 811 5
436 746 616 837 παρὰ
663 746 790 815 τᾶν
836 747 1200 845 διάμετρόν
1247 751 1458 832 ἐστιν,
1504 744 1565 814 o‘c
1595 746 1669 815 δὲ
1713 728 1839 813 I'A
1886 746 2309 829 ἐπιψαύουσα
2352 772 2483 827 τας

436 859 644 942 τομᾶς
698 880 864 922 κατα
911 853 987 923 τὸ
1034 862 1112 942 Γ,
1167 852 1209 923 ἆ
1259 854 1335 923 δὲ
1381 860 1515 922 ΕΓ
1549 853 1975 942 παράλληλός
2021 856 2157 921 ἐστι
2202 858 2286 942 τᾷ
2334 855 2483 921 έπι-

436 959 752 1050 ψαυούσᾳ
806 965 924 1040 τοῖς
976 964 1184 1046 τομᾶς
1238 985 1406 1027 κατα
1458 957 1535 1028 τὸ
1593 966 1681 1045 Θ,
1744 956 1821 1028 τὸ
1878 967 2016 1027 BA
2025 966 2089 1027 Γ
2134 965 2479 1048 τρίγωνον

433 1065 918 1154 τετραπλάσιόν
984 1069 1121 1135 ἐστι
1185 1064 1307 1133 τοῦ
1365 1071 1565 1134 ΒΘΓ
1613 1065 1966 1155 τριγώνου.
2058 1066 2198 1134 ἐπεὶ
2258 1064 2335 1132 δὲ
2393 1063 2477 1133 τὸ

435 1179 574 1239 ΒΔ
583 1178 647 1241 Γ
701 1177 1032 1262 τρίγωνον
1085 1175 1207 1241 τοῦ
1263 1170 1388 1257 μὲν
1442 1178 1641 1239 ΒΘΓ
1686 1171 2021 1258 τμάματος
2072 1169 2479 1259 τριπλάσιόν

332 1290 399 1339 10
437 1280 596 1365 ἐστι,
640 1282 765 1346 τοῦ
812 1278 887 1347 δὲ
922 1284 1122 1347 ΒΘΓ
1159 1274 1495 1367 τριγώνου
1538 1276 2051 1366 τετραπλάσιον,
2098 1281 2373 1390 δῆλον,
2380 1272 2479 1357 ὥς

437 1384 772 1474 ἐπίτριτόν
819 1386 957 1452 ἐστι
1003 1382 1078 1452 τὸ
1125 1389 1327 1452 Bm*
1363 1388 1589 1471 τμᾶμα
1630 1388 1753 1452 τοῦ
1799 1389 2001 1451 Bm*
2035 1362 2391 1470 τριγώνου.

575 1494 727 1558 Τῶν
781 1489 1140 1576 τμαμάτων
1184 1493 1323 1558 τών
1369 1491 1858 1579 περιεχομένων
1904 1486 2038 1557 ὑπό
2084 1515 2153 1557 τε
2199 1487 2476 1569 εὐθείας

437 1597 550 1663 καὶ
593 1595 940 1682 καμπύλας
983 1600 1293 1684 γραμμάς
1338 1594 1540 1681 βάσιν
1587 1594 1711 1682 μὲν
1747 1596 1961 1663 καλέω
1997 1594 2124 1663 τάν
2162 1594 2473 1682 εὐθεῖαν,

434 1700 609 1784 ὕψος
647 1701 722 1769 δὲ
758 1700 885 1769 τάν
914 1706 1232 1788 μεγίσταν
1260 1701 1555 1769 κάθετον
1584 1699 1714 1769 άπὸ
1743 1705 1863 1781 τᾶς
1888 1701 2235 1788 καμπύλας
2260 1728 2474 1789 γραμ-

331 1820 398 1869 15
434 1812 562 1894 μᾶς
608 1804 947 1893 ἀγομέναν
995 1808 1102 1875 ἐπὶ
1145 1805 1270 1876 τὰν
1316 1806 1518 1894 βάσιν
1564 1812 1686 1876 τοῦ
1732 1806 2100 1894 τμάματος,
2154 1806 2473 1895 κορυφὰν

435 1912 511 1981 δὲ
555 1911 629 1981 τὸ
681 1927 982 2001 σαμεῖον,
1029 1911 1153 2002 ἀφ’
1207 1904 1289 1984 οὗ
1336 1911 1379 1981 ἆ
1428 1918 1702 2001 μεγίστα
1744 1912 2035 1993 κάθετος
2078 1912 2324 1999 άγέται.

1392 2099 1458 2159 ιη
1492 2126 1507 2141 .
1586 2144 1589 2149 ,

566 2185 663 2246 Εἴ
707 2204 791 2245 κα
849 2180 922 2246 ἐν
976 2178 1295 2266 τμάματι,
1354 2175 1391 2246 ὃ
1449 2178 1815 2265 περιεχέται
1860 2175 1993 2247 ὑπὸ
2041 2178 2313 2259 εὐθείας
2356 2182 2472 2248 καὶ

435 2280 866 2371 ὀρθογωνίου
909 2284 1138 2354 κώνου
1171 2288 1401 2371 τομᾶς,
1450 2283 1581 2354 άπὸ
1622 2286 1824 2371 μέσας
1858 2288 1977 2365 τᾶς
2014 2284 2249 2372 βάσιος
2284 2285 2469 2376 ἀχθῇ

327 2418 397 2468 20
435 2386 672 2458 εὐθεῖα
713 2388 892 2479 παρὰ
928 2388 1055 2457 τάν
1094 2390 1479 2479 διάμετρον,
1523 2390 1789 2479 κορυφᾶ
1831 2393 2116 2459 ἐσσείται
2151 2396 2274 2461 τοῦ
2310 2392 2469 2479 τμά-

433 2521 639 2583 ματος
701 2493 777 2563 τὸ
845 2509 1155 2583 σαμεῖον,
1225 2494 1388 2564 καθ’
1459 2492 1497 2565 ὃ
1564 2493 1606 2565 ἆ
1672 2494 1851 2585 παρὰ
1916 2495 2041 2566 τάν
2108 2498 2467 2587 διάμετρον

434 2600 722 2690 ἀχθεῖσα
765 2602 988 2688 τέμνει
1032 2601 1160 2670 τὰν
1205 2606 1329 2670 τοῦ
1375 2602 1603 2672 κώνου
1646 2603 1879 2690 τομάν.

567 2713 735 2777 ἔστω
780 2705 909 2798 γὰρ
957 2712 1181 2796 τμᾶμα
1225 2706 1301 2777 τὸ
1333 2716 1542 2777 ΑΒΓ
1576 2708 2051 2799 περιεχόμενον
2087 2708 2217 2779 ὑπό
2256 2736 2326 2779 τε
2362 2708 2465 2779 εύ-

431 2817 628 2894 θείας
683 2814 796 2882 καὶ
854 2812 1290 2903 ὀρθογωνίου
1342 2815 1570 2883 κώνου
1624 2820 1861 2903 τομᾶς,
1917 2815 2029 2883 καὶ
2082 2814 2215 2885 άπὸ
2266 2818 2466 2903 μέσας

326 2950 398 2998 25
433 2922 553 2999 τᾶς
598 2926 737 2987 ΑΓ
771 2918 964 3008 ἅχθω
1012 2919 1055 2989 ἆ
1107 2929 1239 2989 AB
1287 2920 1466 3010 παρὰ
1513 2920 1638 2990 τάν
1686 2922 2063 3012 διάμετρον.
2157 2924 2294 2991 ἐπεὶ
2340 2915 2462 2993 οὖν

436 3026 510 3092 έν
571 3022 1004 3112 ὀρθογωνίου
1057 3026 1286 3096 κώνου
1342 3030 1513 3116 τομᾷ
1570 3024 1613 3095 ἆ
1671 3035 1811 3095 BA
1866 3054 2058 3095 ακται
2112 3026 2292 3117 παρὰ
2342 3026 2462 3097 τάν

584 3173 634 3223 9.
673 3186 957 3238 τμηματος
991 3168 1055 3234 F,
1092 3168 1283 3236 uulgo,
1438 3176 1519 3223 11.
1557 3170 1749 3239 τμᾶμα
1786 3169 1890 3223 τοῦ
1928 3169 2132 3239 ΒΘΓ]
2171 3188 2271 3224 του
2299 3174 2468 3225 ΒΔΓ

439 3236 510 3305 F,
561 3254 700 3294 corr.
739 3239 783 3291 B
821 3240 1055 3320 (τμῃμας
1105 3254 1244 3293 corr.
1282 3239 1613 3310 Torellius).
1732 3244 1829 3293 12.
1868 3259 2171 3310 τμημάτων
2205 3239 2278 3309 F,
2328 3257 2460 3298 corr.

439 3308 748 3377 TorelliuS,
785 3312 850 3363 ut
883 3308 980 3362 lin.
1024 3314 1105 3377 15,
1147 3314 1229 3375 18,
1270 3316 1357 3378 20,
1395 3316 1481 3365 23.
1627 3316 1711 3366 13.
1751 3315 1901 3365 καλω
1938 3310 2009 3379 F,
2046 3311 2237 3381 uulgo.
2381 3318 2459 3368 14.

445 3374 590 3449 ἀπό]
630 3399 744 3435 axo
783 3398 877 3435 επι
911 3378 1619 3451 ΓΟ.15.απτομεναν
1654 3382 1725 3448 F,
1763 3398 1902 3437 corr.
1938 3381 2001 3435 Β.
2132 3388 2216 3437 19.
2254 3384 2462 3453 βάσεως

438 3450 503 3516 F,
540 3451 731 3520 uulgo.
876 3456 960 3506 22.
998 3470 1105 3504 ταν
1141 3451 1266 3521 τοῦ]
1307 3472 1379 3506 τα
1416 3472 1516 3507 του
1554 3453 1614 3509 F.
1757 3458 1843 3507 25.
1884 3446 2013 3523 οὖν]
2052 3469 2154 3522 per
2191 3469 2367 3522 comp.
2403 3453 2460 3510 F.

439 3525 526 3574 26.
566 3525 934 3590 ορθωγωνιου
969 3522 1033 3590 F,
1071 3522 1260 3592 uulgo,
1409 3521 1623 3595 κώνου]
1662 3539 1769 3579 om.
1805 3524 1876 3593 F,
1915 3539 2053 3578 corr.
2094 3523 2383 3579 Torellius.
