2659 3967
423 201 510 268 18
1181 203 1359 255 ΠΕΡΙ
1394 200 1693 256 ΕΑΙΚῼΝ.

557 490 654 553 Εἴ
689 510 774 553 κα
821 485 949 553 δύο
997 491 1292 572 σαμείῳν
1338 484 1654 574 ἑκατέρου
1707 483 1875 553 κατά
1920 509 2105 564 τινος
2156 486 2471 572 γραμμᾶς

423 592 816 680 ἐνεχθέντος
851 590 941 680 μὴ
980 596 1100 672 τᾶς
1131 590 1340 674 αὐτοῖς
1376 593 1735 681 ίσοταχέως
1771 588 1983 659 αὐτοῦ
2011 591 2225 682 ἑαυτῷ
2263 615 2469 678 φερο-

422 697 633 784 μένου
677 698 1066 785 λαφθέῳντι
1114 699 1188 765 ἐν
1235 699 1513 789 ἑκατέρᾳ
1556 702 1683 767 τᾶν
1720 700 2035 787 γραμμᾶν
2082 694 2211 765 δύο
2256 720 2468 785 γραμ-
2553 787 2562 795 x

349 819 386 869 ὅ
423 808 572 891 μαί,
627 795 715 871 ἄν
771 806 848 870 αἳ
885 828 956 871 τε
1001 802 1258 893 πρῶται
1313 806 1391 889 ἐν
1436 812 1609 885 ἴσοις
1660 804 1935 894 χρόνοις
1979 801 2112 872 ὑπὸ
2162 806 2301 871 τῶν
2348 820 2466 869 σα·

423 916 630 998 μείων
673 910 1103 978 διανυέσθων
1146 910 1260 978 καὶ
1298 910 1375 977 αἱ
1408 911 1745 1000 δευτέραι,
1788 909 1911 979 τὸν
1948 908 2161 979 αὐτὸν
2186 909 2467 991 .ἕξοῦντι

420 1015 632 1102 λόγον
677 1013 825 1085 ποτ’
876 1013 1172 1096 ἄλλάλας
1217 1018 1294 1083 αἱ
1333 1022 1703 1103 λαφθείσαι
1747 1022 2064 1106 γραμμαί.

556 1126 723 1190 ἔστω
777 1120 944 1190 κατὰ
999 1126 1118 1203 τᾶς
1173 1131 1237 1189 Α
1244 1130 1303 1190 Β
1358 1126 1667 1212 γραμμᾶς
1720 1124 2166 1210 ἐνηνεγμένον
2223 1148 2287 1189 τι
2348 1140 2465 1189 σα-

421 1240 614 1314 μεῑον
661 1230 1018 1316 ἰσοταχέῳς
1064 1225 1232 1296 αὐτὸ
1280 1228 1519 1322 ἑαυτῷ,
1566 1229 1678 1297 καὶ
1724 1227 1891 1297 ἄλλο
1938 1226 2105 1296 κατὰ
2150 1232 2270 1307 τᾶς
2306 1234 2376 1297 Κ
2384 1234 2467 1295 Λ.

314 1352 382 1402 10
421 1332 876 1423 λελάφθωσαν
923 1336 999 1403 δὲ
1044 1338 1119 1404 ἐν
1163 1339 1246 1424 τᾷ
1294 1342 1425 1403 ΑΒ
1472 1335 1601 1403 δύο
1649 1338 1724 1403 αἱ
1762 1341 1920 1421 ΓΛ,
1959 1342 2101 1403 ΔΕ
2139 1337 2463 1422 γραμμαί,

421 1439 535 1507 καὶ
581 1442 656 1509 ἐν
696 1445 780 1531 τᾷ
816 1447 888 1510 Κ
895 1448 958 1510 Λ
993 1444 1068 1509 αἱ
1102 1448 1265 1528 ΖΗ,
1302 1447 1471 1527 ΗΘ,
1521 1444 1594 1509 ἐν
1633 1449 1756 1535 ἴσῳ
1806 1442 1882 1509 δὲ
1916 1440 2139 1533 χρόνῳ
2177 1439 2254 1508 τὸ
2292 1439 2461 1508 κατὰ

420 1550 541 1627 τᾶς
576 1556 641 1615 A
651 1554 709 1617 Β
753 1553 1063 1637 γραμμᾶς
1108 1550 1557 1636 ἐνηνεγμένον
1602 1562 1882 1635 σαμεῖον
1918 1547 2046 1616 τάν
2081 1554 2208 1617 ΓΔ
2251 1573 2461 1637 γραμ-

420 1652 558 1742 μὰν
604 1654 1144 1743 διαπορευέσθω,
1202 1656 1276 1723 ἑν
1324 1652 1461 1746 ὅσῳ
1516 1652 1593 1723 τὸ
1652 1655 1881 1744 ἕτερον
1934 1652 2102 1722 κατὰ
2154 1657 2274 1734 τᾶς
2318 1658 2390 1721 Κ
2399 1660 2462 1720 Λ

420 1760 868 1848 ἐνηνεγμένον
913 1759 1042 1828 τάν
1087 1767 1248 1829 ΖΗ·
1313 1758 1562 1848 ὁμοίως
1617 1760 1729 1827 καὶ
1781 1759 1909 1828 τάν
1957 1768 2025 1829 Δ
2035 1768 2099 1827 Ε
2142 1758 2462 1850 γραμμάν

315 1883 383 1931 15
421 1866 496 1933 ἐν
542 1873 666 1957 ἴσῳ
715 1868 1224 1956 διαπορευέσθω
1277 1866 1355 1935 τὸ
1406 1880 1717 1955 σαμεῑον,
1774 1869 1848 1936 ἐν
1903 1864 2041 1958 ὅσῳ
2095 1866 2173 1935 τὸ
2230 1867 2463 1956 ἕτερον

420 1970 547 2038 τάν
593 1979 746 2039 ΗΘ.
840 1974 1166 2058 δεικτέον,
1225 1970 1327 2042 ὅτι
1375 1972 1497 2041 τὸν
1544 1971 1755 2042 αὐτὸν
1812 1979 1944 2062 ἔχει
1987 1971 2197 2059 λόγον
2244 1971 2286 2040 o‘c
2334 1979 2463 2042 ΓΔ

418 2078 574 2146 ποτὶ
617 2076 745 2146 τὰν
792 2085 959 2165 ΔΕ,
1007 2074 1090 2147 ὃν
1136 2076 1180 2146 ἆ
1229 2084 1376 2146 ΖΗ
1410 2080 1564 2147 ποτὶ
1609 2078 1735 2148 τάν
1779 2085 1937 2148 ΗΘ.

553 2188 720 2252 ἔστω
768 2182 852 2272 δὴ
901 2181 958 2253 c‘r
985 2183 1259 2274 χρόνος,
1312 2186 1387 2253 ἐν
1434 2175 1490 2277 ᾧ
1525 2184 1650 2252 τὰν
1696 2191 1831 2253 ΓΔ
1875 2183 2190 2275 γραμμάν
2237 2189 2461 2253 διεπο-

421 2289 650 2380 ρεύετο
697 2290 774 2360 τὸ
830 2304 1142 2378 σαμεϊον,
1198 2288 1235 2359 ὅ
1283 2296 1459 2359 ΜΝ.
1552 2294 1626 2359 ἐν
1680 2289 1896 2382 τούτῳ
1954 2290 2037 2379 δὴ
2093 2295 2186 2384 τῷ
2232 2290 2457 2383 χρόνῳ

311 2414 384 2463 20
417 2397 530 2464 καὶ
575 2394 651 2464 τὸ
706 2398 936 2485 ἕτερον
991 2409 1270 2483 σαμεῖον
1317 2398 1783 2491 ὃιοιπορευέται
1836 2398 1963 2465 τάν
2010 2402 2161 2464 ΖΗ.
2252 2397 2460 2466 πάλιν

419 2503 496 2572 δὲ
548 2508 692 2589 καί,
747 2506 822 2572 ἐν
876 2493 933 2596 ᾧ
984 2501 1110 2571 τάν
1165 2511 1306 2572 ΔΕ
1356 2502 1671 2593 γραμμὰν
1728 2502 2150 2593 διεπορεύετο
2206 2502 2282 2572 τὸ
2342 2522 2461 2571 σα-

417 2623 641 2697 μεῖον,
690 2614 857 2678 ἔστω
905 2607 942 2678 ὁ
991 2612 1133 2687 ΝΞ
1171 2608 1435 2700 χρόνος.
1527 2612 1600 2679 ἐν
1646 2610 1861 2702 τούτῳ
1911 2606 1996 2697 δὴ
2042 2611 2155 2677 καὶ
2200 2608 2277 2679 τὸ
2326 2612 2459 2679 ἕτε-

419 2744 544 2807 ρον
599 2729 878 2805 σαμετον
941 2717 1404 2806 διαπορευέται
1468 2716 1597 2786 τὰν
1650 2724 1730 2785 Η
1730 2724 1804 2785 Θ.
1908 2715 2031 2785 τὸν
2094 2714 2309 2786 αὐτὸν
2370 2716 2459 2804 δὴ

418 2823 628 2911 λόγον
683 2822 946 2904 ἑξοῦντι
1001 2819 1048 2891 ἅ
1091 2848 1162 2891 τε
1205 2828 1343 2891 ΓΔ
1385 2824 1538 2891 ποτὶ
1596 2821 1723 2891 τάν
1770 2831 1839 2891 Δ
1860 2830 1925 2891 Ε
1965 2822 2312 2912 γραμμάν,
2374 2818 2459 2892 ὃν

309 2943 380 2994 25
421 2926 458 2997 ὁ
521 2927 768 3018 χρόνος
843 2926 880 2997 ὃ
945 2936 1115 2997 ΜΝ
1177 2929 1329 2997 ποτὶ
1394 2930 1562 3014 ΝΞ,
1638 2927 1751 2995 καὶ
1814 2925 1857 2995 ἆ
1925 2935 2070 2995 ΖΗ
2118 2930 2272 2997 ποτὶ
2330 2928 2457 2998 τὰν

417 3041 586 3119 ΗΘ,
634 3030 716 3102 ὃν
764 3032 802 3103 ὃ
850 3034 1097 3124 χρόνος
1142 3031 1179 3103 ὁ
1228 3041 1397 3103 ΜΝ
1433 3034 1587 3102 ποτὶ
1636 3032 1758 3102 τὸν
1804 3036 1956 3111 ΝΞ.
2047 3038 2258 3121 δῆλον
2306 3027 2458 3121 οὖν,

420 3140 523 3210 ὅτι
567 3139 688 3209 τὸν
736 3139 948 3209 αὐτὸν
996 3146 1213 3229 ἔχοντι
1259 3141 1469 3227 λόγον
1517 3138 1560 3207 ἆ
1606 3146 1741 3208 ΓΔ
1784 3142 1937 3209 ποτὶ
1982 3142 2109 3209 τὰν
2156 3148 2324 3228 ΔΕ,
2374 3139 2457 3210 ὃν

419 3246 463 3316 ἁ
511 3254 652 3315 ΖΗ
692 3247 846 3315 ποτὶ
890 3245 1016 3316 τὰν
1061 3254 1215 3315 ΗΘ.
1495 3234 1503 3241 ’

562 3468 613 3518 3.
653 3454 856 3532 αὐτοῦ]
893 3460 1118 3531 scripsi3
1157 3480 1310 3517 αυτω
1348 3461 1412 3532 F,
1448 3461 1639 3531 uulgo.
1787 3466 1838 3516 4.
1873 3464 2241 3530 λαφθενωντι
2277 3461 2339 3515 F.

419 3538 469 3588 5.
507 3524 605 3605 ἄν]
645 3532 864 3601 addidi3
904 3548 1012 3590 om.
1050 3531 1111 3603 F,
1150 3533 1342 3601 uulgo,
1482 3532 1757 3605 σαμείων]
1796 3532 1877 3588 sic
1912 3532 1973 3587 F.
2101 3538 2151 3587 9.
2190 3550 2364 3587 εαυτο
2390 3532 2454 3587 F.
