2659 3967
332 121 464 187 372
646 120 741 179 DE
781 118 890 188 IIS,
929 118 1126 185 QUAE
1166 117 1248 172 IN
1285 117 1577 175 HUMIDO
1618 118 2039 175 UEHUNTUR.

677 353 1124 437 [Theorema
1171 352 1283 419 IX.
1373 352 1823 438 Propositio
1873 353 2009 435 IX.]

463 496 554 563 Et
599 497 818 582 igitur,
866 496 923 561 si
967 497 1179 583 figura
1222 496 1433 561 leuior
1478 496 1792 562 exsistens
1837 495 2105 563 humido
2144 496 2361 563 dimit·
2436 506 2443 511 '

330 607 512 669 tatur
556 604 628 669 in
672 602 1013 668 humidum
1058 602 1169 687 ita,
1213 606 1289 668 ut
1333 603 1509 669 basis
1554 603 1759 688 ipsius
1805 608 1949 670 tota
1993 604 2080 671 sit
2126 603 2196 671 in
2239 603 2363 671 hu-

333 710 536 791 mido,
580 710 793 795 figura
836 707 1144 774 insidebit
1187 712 1367 775 recta
1412 710 1535 795 ita,
1582 712 1656 776 ut
1703 710 1839 776 axis
1892 710 2098 795 ipsius
2147 711 2235 777 sit
2272 733 2370 776 sc-

266 827 300 878 5
337 817 618 883 cundum
662 815 1274 901 perpendicularem.
1466 829 1479 832 ”

473 921 886 1006 intelligatur
939 922 1112 987 enim
1171 922 1393 1007 aliqua
1447 922 1860 1009 magnitudo,
1924 925 2135 1009 qualis
2192 924 2375 991 dicta

336 1033 466 1111 est,
519 1029 587 1093 in
641 1026 979 1093 humidum
1035 1028 1320 1095 dimissa.
1412 1029 1819 1115 intelligatur
1875 1029 2071 1095 ctiam
2121 1034 2186 1095 et
2231 1032 2371 1114 pla-

340 1158 498 1201 num
551 1133 936 1220 productum
991 1140 1124 1219 per‘
1163 1157 1349 1201 axem
1403 1136 1728 1222 portionis
1785 1140 1852 1203 ct
1903 1159 2019 1221 per
2074 1141 2371 1203 centrum

335 1246 568 1307 terrae.
671 1242 872 1307 sectio
947 1245 1165 1307 autem
1229 1242 1316 1309 sit
1382 1242 1744 1327 superficiei
1802 1242 2062 1326 quidem
2121 1242 2375 1309 humidi

236 1362 302 1410 ιο
338 1372 502 1435 quae
539 1347 834 1415 ABGD
876 1348 1200 1434 periferia,
1245 1350 1491 1435 figurae
1538 1350 1755 1414 autem
1790 1349 2011 1415 EZH
2043 1350 2373 1435 periferia,

337 1459 403 1522 et
447 1477 610 1541 quae
636 1455 795 1521 EH
829 1459 1024 1523 recta.
1097 1456 1234 1521 axis
1275 1459 1495 1521 autem
1533 1455 1853 1540 portionis
1892 1458 1978 1521 sit
2016 1480 2181 1543 quae
2218 1458 2285 1523 Ζ
2292 1458 2372 1523 Τ.

339 1559 394 1628 si
440 1562 644 1649 igitur
689 1565 790 1628 est
835 1561 1168 1647 possibile,
1213 1585 1346 1629 non
1384 1562 1732 1647 secundum
1769 1563 2374 1649 perpendicularem

341 1669 428 1734 sit
475 1691 641 1753 quae
684 1669 750 1733 Ζ
758 1669 825 1733 Τ.
917 1668 1491 1735 demonstrandum
1547 1670 1777 1756 igitur,
1834 1670 2004 1757 quod
2060 1692 2193 1736 non
2239 1693 2379 1735 ma-

343 1778 456 1840 net
499 1775 728 1861 figura,
775 1776 1125 1841 secundum
1172 1776 1242 1841 in
1285 1780 1535 1842 rectum
1582 1780 1921 1843 statuetur.
2013 1780 2115 1843 est
2158 1779 2380 1842 autem

245 1894 308 1943 15
346 1885 642 1948 centrum
689 1882 1002 1967 sphaerae
1047 1905 1251 1967 usque
1295 1882 1362 1949 Ζ
1369 1884 1439 1948 Τ.
1512 1903 1768 1948 rursum
1813 1883 1985 1949 enim
2032 1884 2119 1949 sit
2161 1884 2379 1969 figura

341 1989 551 2054 maior
609 1988 982 2074 emispcrio‚
1047 1993 1136 2081 et·
1172 1989 1258 2055 sit
1314 1993 1609 2056 centrum
1669 1990 1984 2076 sphaerae
2039 2012 2243 2075 usque
2298 1991 2379 2056 ad

341 2095 756 2179 emisperium
804 2096 1050 2161 scilicet
1099 2096 1178 2180 Τ,
1224 2096 1296 2160 in
1336 2096 1580 2162 minori
1628 2100 1847 2162 autem
1894 2096 1969 2181 P,
2015 2097 2084 2162 in
2133 2096 2374 2162 maiori

343 2204 564 2265 autem
600 2200 687 2265 K.
762 2224 879 2285 per
914 2202 994 2267 K
1029 2205 1245 2267 autem
1294 2207 1361 2267 et
1405 2225 1522 2287 per
1570 2206 1862 2269 centrum
1908 2206 2117 2270 terrac
2154 2204 2213 2269 L
2260 2202 2377 2269 du-

344 2310 528 2373 catur
571 2307 724 2372 KL.
815 2307 1025 2393 figura
1079 2311 1293 2383 autem
1342 2312 1525 2376 extra
1570 2309 1905 2375 humidum
1952 2314 2290 2395 assumpta
2340 2332 2379 2375 a

239 2427 308 2476 20
347 2413 686 2498 superficie
731 2412 982 2479 humidi
1031 2434 1216 2478 axem
1260 2414 1461 2480 habet
1505 2416 1574 2481 in
1619 2417 2164 2501 perpendiculari,
2210 2438 2379 2503 quae

345 2544 461 2606 per
506 2521 590 2587 K.
682 2524 950 2606 propter
1004 2518 1228 2585 eadem
1282 2520 1612 2607 prioribus
1651 2526 1771 2587 'cst
1817 2527 2109 2589 centrum
2158 2524 2377 2609 graui-

345 2629 504 2693 tatis
551 2629 756 2714 ipsius
801 2628 870 2692 in
915 2628 1088 2693 linea
1134 2628 1211 2693 N
1211 2627 1296 2693 K.
1390 2628 1478 2694 sit
1522 2628 1694 2695 enim
1740 2628 1819 2695 R.
1908 2630 2111 2695 totius
2160 2633 2381 2696 autem

346 2736 670 2819 portionis
719 2739 1016 2801 centrum
1062 2734 1407 2819 grauitatis
1457 2740 1557 2799 est
1601 2737 1669 2801 in
1714 2736 1888 2801 linea
1933 2736 1998 2801 Z
2005 2736 2067 2801 T
2103 2736 2273 2801 inter
2312 2736 2395 2801 K

495 2988 540 3036 1.
579 2981 891 3036 Theorema
927 2982 1066 3036 cett.
1112 2998 1221 3037 om.
1264 2981 1551 3050 Tartalea,
1598 2981 1749 3051 apud
1792 2997 1961 3049 quem
2005 2998 2164 3051 prop.
2204 2988 2235 3036 9
2283 2980 2371 3037 ita

348 3052 495 3122 typis
533 3068 794 3120 expressa
831 3054 934 3117 est,
963 3051 1126 3121 quasi
1152 3052 1227 3106 sit
1255 3052 1657 3109 demonstratio
1686 3051 2084 3122 propositionis
2117 3057 2166 3109 8.
2280 3059 2367 3108 11.

351 3123 427 3178 sit
469 3122 638 3195 quae]
687 3122 942 3191 ‚,sitque“
991 3122 1270 3179 Tartalea.
1457 3130 1537 3177 14.
1577 3123 1903 3193 secundum]
1955 3122 2123 3191 ,‚sed“
2164 3122 2377 3179 Comm.

355 3200 437 3251 15.
473 3193 672 3266 usque]
712 3192 841 3261 ,‚in“
879 3192 1089 3249 Comm.
1269 3196 1513 3266 rursum]
1562 3212 1636 3250 sc.
1683 3197 1749 3250 ut
1790 3194 1851 3248 in
1898 3195 2381 3251 demonstratione

333 3282 510 3335 prop.
551 3272 601 3321 8.
743 3272 823 3322 16.
864 3264 1186 3336 emisperio]
1225 3282 1276 3319 2:
1315 3266 1755 3337 hemisphaeri03
1796 3264 2031 3321 cfr.‘lin.
2076 3270 2155 3320 17.
2285 3284 2385 3320 us·

352 3353 460 3406 que
496 3337 592 3407 ad]
635 3334 730 3405 „in
767 3335 1001 3390 dimidia
1037 3336 1307 3405 sphaera“
1348 3336 1557 3392 Comm.
1682 3344 1763 3391 19.
1804 3338 1961 3391 extra
1999 3336 2157 3407 cett]
2200 3352 2382 3407 „quae

354 3410 440 3461 est
485 3412 644 3463 extra
689 3406 907 3462 humidi
952 3407 1336 3476 superficiem“
1378 3407 1585 3465 Comm.
1646 3450 1649 3453 ⁴
1769 3414 1853 3463 21.
1893 3407 2203 3475 „eandem“
2241 3406 2382 3464 Tar-

351 3478 518 3533 talea.
665 3478 964 3549 prioribus]
1001 3477 1062 3532 in
1097 3479 1399 3535 demonstr.
1437 3495 1595 3550 prop.
1635 3485 1684 3533 8.
1832 3485 1917 3534 22.
1958 3478 2129 3550 enim]
2170 3475 2281 3549 ὃήὶ)
