2659 3967
437 163 571 229 326
891 165 1505 218 ‘rmmmmuoz
1541 167 2012 220 ΠΑΡΑΒοΑΗΣ.

435 304 833 392 τριπλάσιον
876 310 1014 377 τῶν
1048 314 1198 392 ΦΖ,
1226 313 1384 391 ΘΗ,
1420 314 1467 375 I
1471 315 1548 375 Π
1585 313 1950 395 τραπεζίων
1994 307 2108 374 καὶ
2142 311 2274 375 τοῦ
2302 314 2472 376 ΙΓΟ

437 411 803 500 τριγώνου,
859 417 1144 482 ἔλασσον
1201 413 1276 482 δὲ
1329 409 1374 500 ἢ
1429 413 1823 502 τριπλάσιον
1875 418 2015 483 τῶν
2057 437 2476 503 προγεγραμ-

440 518 681 604 μένων.

1401 659 1502 729 ιε’.

368 797 403 845 5
554 781 772 854 ’Ἐστω
820 783 1024 854 πάλιν
1067 783 1145 852 τὸ
1183 790 1387 853 ΒΘΓ
1421 789 1645 871 τμᾷμα
1680 785 2154 872 περιεχόμενον
2190 782 2336 854 ὑπὸ
2381 785 2488 854 εὐ-

441 898 637 972 θείας
672 891 783 960 καὶ
822 889 1256 980 ὀρθογωνίου
1292 890 1519 959 κώνου
1554 894 1782 978 τομᾶς,
1821 888 1862 959 ἆ
1904 891 1979 959 δὲ
2015 897 2151 959 ΒΓ
2178 889 2272 978 μὴ
2312 897 2486 960 ἔστω

443 995 591 1065 ποτ’
647 995 864 1084 ὀρθὰς
908 1000 990 1085 τᾷ
1036 997 1386 1088 διαμέτρῳ.
1453 992 1826 1084 άναγκαῖον
1865 995 1950 1085 δὴ
1990 995 2138 1085 ἤτοι
2175 995 2305 1066 τάν
2350 995 2486 1065 άπὸ

440 1108 564 1172 τοῦ
612 1110 669 1170 Β
728 1109 1011 1190 σαμείου
1062 1101 1242 1191 παρὰ
1297 1101 1425 1172 τάν
1480 1103 1841 1191 διάμετρον
1897 1101 2194 1191 άγμέναν
2243 1103 2358 1172 ἐπὶ
2407 1103 2489 1171 τὰ

444 1207 616 1276 αὐτὰ
674 1212 767 1301 τῷ
827 1208 1113 1295 τμάματι
1168 1204 1209 1294 ἢ
1265 1205 1392 1277 τάν
1439 1207 1571 1276 ἀπὸ
1617 1214 1741 1277 τοῦ
1786 1215 1851 1277 Γ
1887 1207 2228 1296 ἀμβλεῖαν.
2262 1224 2494 1277 ποιεῖν

340 1327 407 1376 10
442 1321 700 1401 γωνίαν
747 1315 900 1382 ποτὶ
946 1312 1071 1382 τὰν
1117 1321 1257 1383 ΒΓ.
1341 1320 1506 1383 ἔστω
1554 1312 1598 1381 ἆ
1643 1313 1770 1382 τάν
1817 1312 2142 1401 ἀμβλεῖαν
2186 1319 2491 1382 ποιοῦσα

442 1418 485 1489 ἆ
529 1421 681 1489 ποτὶ
727 1424 818 1512 τῷ
868 1427 941 1488 Β.
988 1421 1100 1488 καὶ
1146 1418 1341 1508 ἄχθω
1386 1419 1565 1508 παρὰ
1612 1419 1739 1488 τάν
1787 1419 2145 1509 διάμετρον
2183 1417 2316 1488 ἀπὸ
2357 1425 2489 1488 τοῦ

443 1533 501 1594 Β
548 1525 591 1594 ἆ
636 1534 804 1613 ΒΔ,
850 1527 962 1594 καὶ
1008 1523 1141 1594 άπὸ
1188 1531 1312 1595 τοῦ
1358 1533 1422 1596 Γ
1460 1527 1502 1594 ά
1549 1533 1674 1594 ΓΔ
1719 1526 2142 1608 ἐπιψαύουσα
2185 1529 2306 1606 vag
2348 1531 2484 1594 τοῦ
2600 1605 2601 1608 ¹

439 1631 667 1702 κώνου
703 1637 912 1720 τομᾶς
945 1632 1109 1701 κατὰ
1150 1633 1227 1701 τὸ
1266 1640 1341 1702 Γ.
1413 1632 1524 1700 καὶ
1563 1631 1914 1721 διῃρήσθω
1952 1629 1995 1698 ά
2027 1638 2161 1700 ΒΓ
2187 1636 2284 1712 εἰς
2317 1632 2490 1718 τμά-

440 1765 615 1825 ματα
664 1747 777 1806 ἴσα
816 1737 1161 1809 ὁποσαοῦν
1198 1737 1281 1807 τὰ
1318 1746 1466 1826 ΒΕ,
1505 1747 1643 1824 ΕΖ,
1683 1745 1837 1824 ΖΗ,
1876 1744 2014 1824 ΗΙ,
2051 1745 2098 1806 I
2103 1744 2182 1824 Γ,
2230 1735 2364 1805 άπὸ
2409 1739 2488 1806 δὲ

336 1859 404 1909 15
440 1849 579 1914 τῶν
617 1853 697 1931 Ε,
747 1852 823 1931 Ζ,
861 1851 951 1931 Η,
987 1852 1034 1913 I
1072 1843 1252 1934 παρὰ
1289 1843 1416 1913 τὰν
1454 1844 1814 1933 διάμετρον
1851 1841 2175 1931 ἅχθωσαν
2214 1845 2290 1910 αἱ
2322 1850 2486 1930 ΕΣ,

444 1959 589 2037 ΖΤ,
639 1957 717 2019 Η
722 1960 797 2037 Y,
833 1953 971 2036 ΙΞ,
1015 1950 1126 2018 καὶ
1174 1948 1303 2019 άπὸ
1351 1955 1489 2020 τῶν
1534 1956 1851 2039 σαμείων,
1887 1951 2044 2018 καθ’
2086 1946 2131 2017 ἃ
2166 1949 2488 2036 τέμνοντι
2606 1978 2607 1998 1

445 2056 644 2124 αὐταὶ
688 2055 814 2124 τάν
859 2061 983 2125 τοῦ
1028 2056 1257 2126 κώνου
1299 2056 1545 2143 τομάν,
1594 2055 2098 2142 ἐπεζεύχθωσαν
2144 2056 2252 2123 ἐπὶ
2298 2053 2376 2124 τὸ
2430 2063 2496 2126 Γ

441 2163 556 2230 καὶ
613 2165 1196 2249 ἐκβεβλήσθωσαν.
1287 2163 1460 2250 φαμὶ
1505 2160 1591 2249 δὴ
1637 2163 1749 2230 καὶ
1797 2166 1928 2229 νῦν
1972 2160 2072 2236 τὸ,
2095 2169 2234 2230 ΒΔ
2242 2167 2309 2228 Γ
2344 2167 2489 2251 τρί-

440 2295 669 2354 γωνον
724 2273 861 2337 τῶν
915 2269 1043 2356 μὲν
1098 2275 1466 2359 τραπεζίων
1521 2272 1658 2337 τῶν
1704 2275 1869 2354 ΒΦ,
1917 2275 2078 2353 ΛΖ,
2123 2273 2313 2353 ΜΗ,
2362 2275 2495 2336 NI

334 2389 407 2440 20
442 2373 554 2442 καὶ
606 2379 731 2442 τοῦ
779 2381 891 2442 ΓΙ
895 2377 956 2451 Ξ
1003 2373 1342 2463 τριγώνου
1389 2379 1673 2442 ἔλασσον
1719 2371 1902 2460 εἶμεν
1959 2369 2002 2460 ἢ
2058 2372 2488 2461 τριπλάσιον,

441 2484 581 2549 τῶν
628 2480 705 2549 δὲ
750 2489 913 2567 ΖΦ,
958 2487 1118 2567 ΗΘ,
1163 2487 1210 2548 I
1214 2487 1291 2547 Π
1326 2480 1440 2548 καὶ
1483 2483 1606 2549 τοῦ
1654 2485 1835 2548 ΓΟΙ
1870 2477 2208 2568 τριγώνου
2253 2486 2492 2566 μεῖζον

442 2583 487 2672 ἢ
532 2586 944 2675 τριπλάσιον.

578 2692 1011 2781 ἐκβεβλήσθω
1040 2689 1082 2760 ἆ
1108 2701 1176 2761 Δ
1186 2700 1244 2761 Β
1274 2692 1380 2762 ἐπὶ
1409 2693 1680 2782 θάτερα.
1727 2689 1999 2778 ἀγαγών
2029 2683 2158 2760 οὖν
2184 2692 2491 2761 κάθετον

443 2797 569 2867 τάν
606 2805 742 2867 ΓΚ
786 2803 868 2887 τᾷ
906 2805 1042 2868 ΓΚ
1086 2807 1242 2868 ἴσαν
1288 2797 1628 2884 ἀπέλαβον
1665 2795 1790 2865 τάν
1826 2804 1985 2866 ΑΚ.
2057 2805 2355 2866 νοείσθω
2397 2799 2488 2886 δὴ

335 2919 407 2970 25
442 2905 647 2973 πάλιν
696 2905 925 2991 ζύγιον
970 2903 1047 2973 τὸ
1098 2911 1247 2991 ΑΓ,
1294 2907 1503 2992 μέσον
1550 2903 1625 2972 δὲ
1670 2901 1883 2972 αὐτοῦ
1928 2901 2004 2972 τὸ
2042 2910 2132 2990 K,
2177 2905 2290 2972 καὶ
2334 2931 2492 2994 κρε-

443 3010 689 3099 μάσθω
750 3012 822 3078 ἐκ
876 3015 999 3079 τοῦ
1055 3017 1139 3078 Κ.
1229 3010 1592 3100 κρεμάσθω
1649 3008 1723 3077 δὲ
1779 3010 1892 3076 καὶ
1944 3008 2020 3078 τὸ
2079 3015 2215 3078 ΓΚ
2222 3018 2292 3077 Δ
2342 3017 2492 3100 τρί-

592 3159 643 3210 ὃ.
679 3170 869 3221 τμημα
906 3149 974 3218 Ἐς
1019 3167 1157 3208 corr,
1196 3151 1489 3220 TorelliuS,
1525 3152 1592 3206 ut
1625 3151 1722 3208 lin.
1752 3157 1802 3219 9,
1836 3156 1918 3206 13.
2031 3157 2079 3206 7.
2118 3145 2214 3221 δή]
2254 3150 2490 3222 scripsi3

447 3226 513 3281 δε
549 3224 621 3292 Ἐ,
670 3222 860 3292 uulgo·
1044 3226 1093 3276 8.
1134 3241 1398 3293 αγμενων
1432 3223 1492 3278 Ἐ.
1657 3228 1706 3277 9.
1747 3215 1919 3294 αὐτά]
1975 3239 2082 3277 om.
2120 3221 2193 3290 Ἐς
2239 3237 2379 3278 corr.
2421 3225 2488 3278 B.

450 3302 535 3352 11.
572 3313 715 3365 προς
750 3309 852 3364 per
885 3310 1066 3362 comp.
1104 3293 1173 3361 F;
1212 3308 1351 3350 corr.
1390 3293 1456 3348 V.
1531 3288 1645 3348 άπὸ
1682 3292 1785 3347 τοῦ
1822 3298 1866 3346 Β
1906 3292 2147 3349 Nimius.
2258 3298 2344 3347 14.
2383 3292 2488 3366 τά]

446 3387 553 3422 ταν
599 3365 659 3419 Ἐ.
834 3369 917 3422 16.
956 3359 1022 3437 ἅ]
1071 3382 1102 3418 ο
1148 3365 1220 3433 Ἐς
1268 3380 1407 3422 corr,
1455 3363 1748 3420 Torellius.
1918 3368 2000 3418 17.
2051 3366 2490 3433 επιζευχθωσαν

447 3437 520 3505 Ἐς
558 3453 699 3492 cort.
737 3434 1032 3492 Toranius,
1237 3440 1321 3489 19.
1359 3435 1473 3490 τῶν
1510 3432 1639 3507 μέν]
1677 3455 1752 3488 τω
1791 3453 1896 3503 μεν
1933 3434 1994 3490 Ἐ.
2157 3438 2307 3504 ΜΗ,
2344 3437 2458 3490 NI

451 3509 588 3576 ΘΗ,
626 3509 731 3562 ΠΙ
760 3505 833 3574 Ἐς
870 3523 1009 3562 corr.
1047 3503 1344 3561 Torelliusn.
1463 3510 1549 3560 23.
1587 3525 1623 3574 η
1659 3505 1731 3573 Ἐς
1770 3521 1907 3561 corr.
1946 3503 2237 3561 Toranius.
2349 3496 2463 3562 οὖν
