2659 3967
522 200 621 254 DE
658 202 769 269 IIS,
808 202 1004 267 QUAE
1043 201 1124 255 IN
1158 202 1451 257 HUMIDO
1489 201 1917 257 UEHUNTUR.
2100 202 2236 266 413

190 369 364 431 quae
421 346 579 430 ΥΒ,
636 345 774 413 GB
835 368 995 433 ergo
1058 349 1360 432 aequales
1422 350 1594 412 sunt.
1685 369 1886 432 quare
1945 351 2013 411 et
2069 370 2236 433 quae

188 452 343 532 SR,
392 452 531 537 GR,
577 456 644 517 et
689 474 853 537 quae
899 452 1041 532 PZ,
1086 452 1259 537 MV,
1303 456 1372 518 et
1417 474 1582 537 quae
1627 454 1692 518 Ζ
1699 454 1779 537 Τ,
1835 453 1984 520 VN.
2075 476 2236 538 quo-

190 561 377 626 niam
423 560 638 625 minor
683 581 881 643 quam
926 559 1126 643 dupla
1172 580 1336 643 quae
1381 560 1546 625 MV
1580 561 1788 644 ipsius
1845 560 1988 625 VN
1987 558 2068 644 1),
2123 583 2232 645 pa—

192 669 352 752 lam,
398 665 573 752 quod
618 687 783 750 quae
818 665 953 731 PZ
990 666 1197 750 ipsius
1234 666 1299 730 Z
1304 667 1370 731 T
1398 670 1502 731 est
1537 668 1749 733 minor
1785 688 1982 751 quam
2019 667 2233 751 dupla.

194 776 289 840 sit
332 774 540 859 igitur
586 796 752 858 quae
779 773 915 839 ΡΩ,
949 772 1159 857 ipsius
1186 774 1331 839 ,ΩΤ
1359 771 1574 858 dupla,
1621 778 1688 838 et
1722 774 2030 858 copulata
2066 795 2232 858 quae

197 883 280 946 K
279 885 347 946 Ω,
406 882 719 947 educatur
780 881 861 945 ad
914 880 995 945 Ε.
1086 881 1291 946 totius
1353 880 1614 965 quidem
1673 880 1879 966 igitur
1939 883 2234 946 centrum

200 987 551 1073 grauitatis
591 986 717 1051 erit
751 986 841 1071 K,
886 986 1023 1052 eius
1062 990 1282 1052 autem
1318 986 1659 1070 portioni8‚
1703 1008 1868 1071 quae
1905 987 2078 1051 inter
2114 987 2233 1052 hu·

196 1093 467 1177 midum‚
512 1097 806 1158 centrum
850 1097 919 1158 sa
967 1096 1057 1177 [p.
1102 1093 1235 1159 380
1278 1098 1414 1158 not.
1468 1094 1552 1176 l],
1598 1094 1736 1159 eius
1784 1098 2022 1178 autem,
2068 1117 2234 1179 quae

196 1204 403 1283 extra,
448 1200 519 1263 in
561 1200 739 1265 linea
782 1199 943 1284 ΚΕ,
989 1204 1056 1264 et
1100 1199 1189 1265 sit
1230 1199 1303 1265 Ε
1346 1198 1546 1281 [ἐπιπ.
1585 1200 1798 1285 ἰσορρ.
1826 1199 1878 1284 Ι,
1906 1202 1997 1282 8].
2069 1222 2233 1285 quae

196 1310 418 1371 autem
460 1306 604 1370 KZ
640 1305 1199 1390 perpendicularis
1246 1306 1376 1370 erit
1423 1328 1618 1391 super
1664 1307 2070 1390 superficiem
2115 1308 2235 1373 hu-

199 1412 361 1477 midi
408 1415 498 1497 [p.
544 1412 676 1478 382
721 1416 857 1477 not.
903 1412 1003 1495 3];
1058 1432 1257 1496 quare
1304 1416 1373 1475 et
1420 1434 1586 1496 quae
1631 1434 1750 1497 per
1796 1413 1986 1498 signa
2029 1414 2122 1498 E,
2166 1418 2233 1479 Ω,

200 1520 727 1605 aequedistanter
769 1518 900 1602 ipsi
945 1518 1100 1583 KZ.
1178 1540 1313 1584 non
1359 1539 1516 1604 ergo
1563 1523 1786 1583 manet
1830 1520 2048 1603 portio
2057 1570 2075 1603 ‚
2122 1521 2231 1584 sed

196 1625 723 1708 inreelinabitur,
788 1628 863 1688 ut
927 1625 1103 1689 basis
1166 1624 1374 1715 ipsius
1437 1646 1556 1690 neo
1621 1624 1973 1690 seeundum
2031 1649 2232 1691 unum

194 1736 432 1818 tangat
488 1732 891 1817 superficiem
948 1730 1225 1816 humidi,
1288 1732 1598 1816 quoniam
1652 1753 1825 1797 nune
1881 1734 2231 1799 seeundum

195 1863 399 1905 unum
444 1844 627 1905 taeta
670 1840 818 1925 ipsa
837 1841 881 1920 †
926 1838 1295 1904 reclinatur.
1367 1838 1791 1905 manifestum
1836 1859 2012 1925 ergo,
2059 1842 2232 1925 quod

195 1948 415 2032 portio
482 1947 799 2013 consistet
862 1946 986 2029 ita,
1050 1947 1127 2010 ut
1182 1946 1319 2010 axis
1379 1946 1462 2010 ad
1519 1944 1924 2030 superficiem
1980 1945 2264 2011 humidi-

192 2054 397 2120 faciat
443 2054 757 2139 angulum
800 2053 1115 2118 maiorem
1162 2051 1404 2138 angulo
1451 2051 1537 2117 X.

657 2248 1248 2314 Demonstratio
1294 2248 1550 2332 partis
1597 2246 1772 2334 111.²)

335 2378 392 2439 1.
436 2374 703 2440 Habeat
748 2375 971 2439 autem
1015 2373 1231 2457 portio
1281 2371 1364 2438 ad
1407 2373 1747 2437 humidum
1793 2373 1864 2438 in
1905 2373 2231 2458 grauitate

193 2481 715 2567 proportionem,
772 2502 969 2564 quam
1025 2480 1225 2545 habet
1276 2481 1698 2564 tetragonum
1755 2479 1928 2564 quod
1984 2482 2068 2545 ab
2115 2476 2234 2546 ΞΟ

194 2589 279 2653 ad
322 2588 409 2671 id,
456 2589 626 2672 quod
675 2609 713 2651 a
750 2587 819 2652 B
829 2586 917 2671 D,
962 2590 1030 2650 et
1076 2584 1450 2650 dimittatur
1494 2585 1565 2649 in
1609 2585 1947 2650 humidum
1992 2586 2090 2651 ita
2135 2587 2230 2649 in-

192 2761 383 2831 putet,
435 2761 589 2829 quod
635 2766 929 2830 segmenta
972 2776 1007 2813 a
1049 2757 1402 2829 portionibus
1451 2759 1780 2829 aequalibus
1837 2762 1895 2815 et
1951 2759 2230 2816 similibus

196 2830 458 2887 similiter
494 2830 717 2886 abscisa
766 2836 896 2887 sunt
944 2832 1098 2901 (nam
1134 2830 1277 2902 ΑΟ,
1313 2830 1431 2901 AQ
1479 2832 1552 2887 ab
1604 2831 1803 2886 eodem
1847 2833 2059 2901 puncto
2097 2831 2232 2887 duc·

192 2908 289 2959 tae
338 2904 469 2957 sunt
514 2904 574 2956 et
618 2901 881 2971 aequalia
929 2905 1221 2972 segmenta
1268 2901 1645 2973 abscindunt).
1719 2904 1843 2957 tum
1877 2902 2095 2971 reliqua
2132 2921 2234 2972 per

196 2992 256 3029 se
294 2971 720 3043 intelleguntur.

342 3048 395 3113 1)
432 3045 583 3099 Nam
621 3045 861 3099 MH=
889 3044 1090 3110 2HN;
1131 3061 1185 3100 u.
1221 3063 1279 3114 p.
1317 3050 1440 3113 407,
1480 3051 1530 3099 4.

339 3118 396 3185 2)
435 3115 647 3186 Figura
673 3122 705 3170 2
735 3115 901 3171 huius
928 3115 1104 3187 partis
1132 3116 1286 3186 apud
1309 3116 1634 3172 Tartaleam
1660 3117 1722 3172 in
1749 3115 2230 3173 demonstratione

340 3282 391 3331 2.
429 3275 573 3330 MV
648 3277 814 3344 „ow‘
856 3276 1135 3330 Tartalea.
1245 3279 1250 3286 ‘
1307 3275 1456 3347 VN]
1506 3277 1711 3346 ‚,skn“
1752 3277 2034 3331 Tartalea.
2181 3282 2231 3331 3.

194 3347 542 3416 „minorem“
630 3348 861 3404 artelea.
1015 3347 1104 3400 >M
1116 3345 1195 3417 V]
1237 3348 1338 3416 ‚,0“
1378 3348 1662 3403 Tartalea.
1831 3347 1980 3420 VN]
2022 3350 2232 3416 „8au“

194 3418 479 3473 'Pax-talea.
665 3424 747 3473 15.
784 3418 911 3487 ipsa
952 3416 1284 3489 reclinatur]
1338 3436 1593 3485 „sursum
1639 3419 1817 3474 fertur
1861 3436 1896 3473 a
1939 3421 2103 3489 parte
2139 3419 2233 3473 A“

195 3489 411 3545 Comm.
560 3495 641 3545 Μ.
686 3489 777 3561 Χ]
819 3506 946 3545 cum
984 3489 1225 3555 Comm.;
1264 3492 1372 3558 ,‚y“
1411 3490 1694 3545 Tartalea.
1806 3497 1892 3545 21.
1929 3489 2229 3563 inclinata]

194 3576 274 3615 sc.
313 3562 379 3615 ut
414 3560 567 3615 basis
604 3561 725 3615 eius
761 3577 875 3615 non
911 3559 1207 3631 contingat
1233 3560 1546 3630 humidum,
1583 3562 1736 3629 quod
1765 3560 1988 3616 addidit
2016 3562 2231 3618 Comm.

2275 1320 2341 1369 10

2273 1854 2338 1902 15

2271 2492 2341 2541 20
