2659 3967
810 222 907 277 DE
945 220 1190 277 LINE'IS
1229 219 1671 276 SPIRALIBUS.
1882 172 1889 179 ἱ
2168 218 2255 283 83

219 368 328 431 est
380 387 578 449 quam
634 366 831 451 duplo
885 366 1098 432 maior
1153 365 1405 431 ambitu
1462 365 1683 431 circuli
1736 368 1973 431 TMN.
2065 368 2133 430 et
2176 364 2259 429 si-

216 472 465 537 militer
503 472 1115 557 demonstrabimus,
1161 493 1306 537 eam
1343 494 1426 537 ne
1462 472 1783 537 minorem
1820 471 2078 556 quidem
2119 492 2259 537 esse

216 600 418 663 quam
465 578 666 662 duplo
714 578 1048 644 maiorem.
1122 577 1393 663 adparet
1437 578 1663 664 igitur,
1709 598 1853 641 eam
1889 578 2085 662 duplo
2123 600 2259 642 ma-

215 706 431 749 1orem
478 706 636 749 esse.

973 874 1508 933 COROLLARIUM.

354 984 603 1051 Eodem
668 985 862 1051 modo
917 985 1523 1069 demonstrandum,
1588 985 1784 1051 etiam
1841 987 1899 1050 si
1954 986 2259 1071 spiralem

217 1091 513 1175 qualibet
587 1092 1086 1159 circumactione
1150 1092 1543 1177 descriptam
1607 1092 1784 1159 linea
1846 1093 1917 1157 in
1978 1092 2259 1157 termino

219 1198 490 1283 spiralis
563 1199 930 1284 contingat,
1004 1200 1070 1263 et
1139 1221 1180 1263 a
1232 1198 1555 1285 principio
1616 1198 1875 1284 spiralis
1938 1199 2113 1264 linea
2178 1198 2261 1265 ad

215 1303 617 1388 principium
681 1304 1204 1372 circumactionis
1264 1304 1815 1388 perpendicularis
1872 1304 2147 1371 ducatur
2192 1309 2261 1370 et

216 1410 292 1474 in
347 1410 837 1499 contingentem
879 1411 1150 1495 incidat,
1206 1432 1351 1476 eam
1396 1411 1597 1476 toties
1643 1410 2070 1495 multiplicem
2118 1433 2259 1477 esse

216 1537 420 1600 quam
458 1515 774 1581 ambitum
812 1518 1035 1582 circuli
1073 1539 1150 1583 ex
1185 1538 1457 1583 numero
1496 1517 2016 1584 circumactionis
2054 1516 2260 1583 nomi-

216 1622 382 1707 nati,
429 1622 684 1705 quoties
731 1622 975 1689 indicet
1019 1623 1193 1689 idem
1227 1645 1559 1689 numerus
1571 1622 1625 1707 1)

1173 1852 1314 1919 XX.

363 1975 432 2042 Si
479 1978 791 2062 spiralem
833 1979 1047 2063 prima
1093 1978 1595 2043 circumactione
1642 1978 2035 2062 descriptam
2080 1981 2261 2043 recta
2348 1987 2360 2004 ’

216 2084 396 2148 linea
451 2085 776 2169 contingit
830 2088 1014 2149 extra
1066 2085 1421 2149 terminum
1478 2083 1767 2169 spiralis,
1822 2089 1888 2149 et
1934 2107 1973 2149 a
2017 2088 2259 2168 puncto

216 2190 532 2255 tactionis
587 2192 670 2255 ad
724 2191 1119 2275 principium
1173 2191 1433 2276 spiralis
1487 2190 1663 2255 linea
1707 2191 1989 2274 ducitur,
2045 2194 2111 2255 et
2157 2190 2259 2255 de-

221 2296 537 2361 scribitur
579 2298 882 2381 circulus,
929 2298 1107 2363 cuius
1155 2300 1450 2363 centrum
1490 2301 1591 2361 est
1623 2296 2019 2383 principium
2056 2296 2259 2380 spira-

217 2403 331 2487 lis,
384 2403 606 2467 radius
663 2408 882 2469 autem
935 2403 1110 2469 linea
1155 2404 1375 2488 ducta,
1432 2406 1499 2468 et
1546 2426 1585 2468 a
1629 2403 1947 2489 principio
1998 2403 2259 2487 spiralis

217 2508 395 2573 linea
449 2508 707 2573 ducitur
762 2510 844 2573 ad
895 2508 1135 2573 lineam
1197 2532 1236 2573 a
1289 2512 1532 2593 puncto
1587 2508 1899 2575 tactionis
1956 2508 2039 2573 ad
2083 2509 2261 2592 prin-

221 2614 466 2698 cipium
519 2616 783 2699 spiralis
831 2616 1090 2681 ductam
1138 2615 1696 2699 perpendicularis
1705 2666 1725 2699 ‚
1779 2636 1855 2679 ea
1901 2615 1972 2679 in
2015 2615 2259 2679 lineam

220 2720 714 2805 contingentem
761 2720 1029 2805 incidet,
1091 2724 1158 2785 et
1201 2720 1379 2785 linea
1421 2720 1593 2784 inter
1637 2723 1949 2803 punctum
1996 2742 2259 2786 concur-

221 2828 428 2893 sionis
485 2830 552 2890 et
605 2826 996 2911 principium
1043 2826 1304 2910 spiralis
1351 2826 1569 2911 posita
1615 2826 1904 2910 aequalis
1952 2827 2077 2890 erit
2124 2848 2256 2891 am-

217 2934 390 3001 bitui
444 2934 668 2999 circuli
724 2933 1032 3017 descripti
1085 2934 1257 2997 inter
1301 2936 1612 3018 punctum
1660 2933 1966 2998 tactionis
2014 2937 2080 2998 et
2127 2954 2260 2998 sec-

217 3042 470 3107 tionem
526 3039 769 3124 posit0,
823 3039 892 3103 in
946 3061 1073 3123 qua
1128 3038 1405 3103 circulus
1463 3038 1819 3123 descriptus
1865 3039 2259 3124 principium

367 3253 423 3321 1)
463 3250 572 3305 Cfr.
611 3269 771 3321 prop.
813 3256 880 3305 15
917 3249 1108 3307 coroll.
1147 3252 1207 3305 et
1240 3266 1397 3321 prop.
1439 3256 1505 3304 17
1546 3249 1738 3306 coroll.
