2659 3967
421 182 510 246 80
1178 182 1357 233 ΠΕΡΙ
1392 178 1690 234 mmm.

419 328 842 413 περιφερείας
897 322 1007 390 καὶ
1062 327 1181 403 τοῖς
1237 322 1719 411 ἐπιβεβλημένοις
1773 318 1899 388 τὰν
1945 327 2077 387 ΡΣ
2125 319 2278 387 ποτὶ
2324 316 2451 386 τὰν

429 436 552 497 ΤΡ
590 427 712 498 τὸν
760 426 971 497 αὐτὸν
1019 433 1195 519 ἔχειν
1241 428 1481 515 λόγον,
1529 424 1611 496 ὃν
1659 424 1702 493 ἆ
1755 432 1882 494 ΤΛ
1926 426 2079 494 ποτὶ
2124 423 2250 493 τάν
2296 432 2452 493 ΑΛ.

417 550 604 625 τεμεῖ
655 532 740 625 δὴ
797 533 839 603 ἆ
886 542 1030 633 ᾼΣ
1078 533 1200 603 τὸν
1256 534 1380 621 μὲν
1433 533 1683 602 κύκλον
1728 530 1894 601 κατὰ
1944 530 2020 602 τὸ
2067 539 2149 619 Ρ,
2203 530 2329 601 τὰν
2378 533 2456 600 δὲ

425 1650 609 1717 ἕλικα
653 1646 820 1715 κατὰ
867 1646 944 1717 τὸ
991 1654 1068 1717 Χ.
1157 1649 1270 1717 καὶ
1317 1646 1601 1729 ἐναλλὰξ
1646 1645 1767 1717 τὸν
1814 1644 2027 1717 αὐτὸν
2075 1649 2202 1728 ἕξει
2246 1646 2461 1734 λόγον

351 1773 388 1822 5
427 1753 469 1824 ἆ
517 1762 648 1823 ΡΣ
698 1755 849 1824 ποτὶ
895 1752 1022 1823 τὰν
1075 1761 1232 1841 ΤΑ,
1293 1752 1378 1823 ὃν
1424 1752 1467 1822 ἁ
1521 1761 1645 1822 ΤΡ
1678 1756 1831 1824 ποτὶ
1876 1753 2003 1823 τὰν
2050 1762 2219 1837 AA„
2293 1752 2336 1822 ἃ
2386 1754 2465 1823 δὲ

431 1868 555 1929 ΤΡ
590 1861 744 1929 ποτὶ
788 1859 913 1929 τὰν
949 1868 1087 1929 ΑΛ
1133 1860 1468 1930 ἐλάσσονα
1510 1861 1719 1947 λόγον
1766 1866 1919 1949 ἔχει,
1964 1857 2007 1949 ἢ
2044 1859 2087 1929 ἁ
2132 1868 2254 1930 ΤΡ
2280 1884 2463 1944 περι-

425 1968 660 2055 φέρεια
714 1967 868 2035 ποτὶ
919 1966 1046 2036 τὰν
1103 1972 1464 2035 διπλασίαν
1517 1971 1641 2035 τοῦ
1703 1974 1930 2036 ΤΜΝ
1972 1967 2225 2037 κύκλου
2281 1992 2461 2056 περι-

425 2075 721 2162 φέρειαν.
816 2077 998 2140 ἔστιν
1057 2071 1186 2160 γὰρ
1245 2070 1290 2140 ἆ
1349 2072 1474 2161 μὲν
1526 2080 1649 2141 ΤΡ
1695 2070 1931 2142 εὐθεῖα
1986 2072 2290 2141 ἐλάσσων
2334 2077 2465 2153 τᾶς

435 2186 559 2247 ΤΡ
596 2183 1042 2266 περιφερείας,
1089 2176 1132 2245 ἁ
1181 2178 1258 2247 δὲ
1301 2186 1442 2247 ΑΛ
1488 2178 1725 2248 εὐθεῖα
1769 2184 2008 2268 μείζων
2052 2176 2096 2267 ἢ
2146 2184 2465 2249 διπλασία

324 2306 390 2353 10
427 2290 547 2365 τοῖς
609 2289 731 2353 τοῦ
805 2290 1035 2353 ΤΜΝ
1087 2286 1343 2355 κύκλου
1404 2291 1844 2376 περιφερείας.
1936 2286 2269 2356 ἐλάσσονα
2332 2285 2466 2375 ἄρα

425 2391 636 2478 λόγον
692 2396 826 2478 ἔχει
883 2389 926 2457 ἆ
972 2398 1108 2460 ΡΣ
1149 2393 1302 2460 ποτὶ
1348 2390 1472 2461 τὰν
1517 2401 1674 2479 ΑΡ,
1728 2388 1773 2479 ἢ
1820 2390 1864 2461 ἆ
1919 2399 2041 2460 ΤΡ
2076 2394 2466 2481 περιφέρεια

425 2498 578 2566 ποτὶ
614 2496 743 2566 τὰν
782 2502 1142 2567 διπλασίαν
1177 2503 1296 2579 τᾶς
1331 2504 1455 2568 τοῦ
1492 2506 1643 2567 ΤΜ
1642 2507 1721 2568 Ν
1746 2499 1999 2568 κύκλου
2024 2504 2466 2588 περιφερείας.

427 2604 554 2675 ὅλα
601 2596 730 2675 οὖν
775 2601 818 2671 ἆ
868 2611 1009 2673 ΣΛ
1053 2606 1204 2674 ποτὶ
1249 2604 1379 2674 τάν
1416 2614 1550 2674 ΑΡ
1586 2606 1920 2675 ἐλάσσονα
1965 2604 2173 2697 λόγον
2218 2602 2375 2693 ἔχει,
2420 2601 2464 2692 ἢ

425 2710 468 2780 ἁ
523 2719 646 2780 ΤΡ
693 2713 1081 2800 περιφέρεια
1135 2712 1298 2801 μετὰ
1353 2717 1472 2792 τᾶς
1526 2717 1651 2781 τοῦ
1705 2720 1934 2781 ΤΜΝ
1978 2712 2231 2782 κύκλου
2285 2735 2467 2799 περι-

319 2836 388 2885 15
426 2825 700 2907 φερείας
765 2820 870 2899 δὶς
934 2820 1285 2910 εἰρημένας
1348 2820 1503 2889 ποτὶ
1566 2818 1695 2887 τὰν
1753 2824 1876 2888 τοῦ
1942 2825 2161 2887 ΤΜΝ
2212 2818 2467 2887 κύκλου

425 2927 856 3015 περιφέρειαν
924 2926 1029 3006 δὶς
1091 2927 1473 3015 εἰρημέναν.
1564 2920 1649 2993 ὃν
1716 2924 1793 2993 δὲ
1855 2924 2065 3011 λόγον
2120 2930 2339 3012 ἔχοντι
2394 2928 2472 2991 αἱ

426 3032 769 3119 εἰρημέναι
823 3038 1272 3122 περιφερείαι,
1325 3035 1571 3101 τοῦτον
1630 3037 1763 3119 ἔχει
1816 3030 1942 3101 τὸν
1988 3030 2196 3118 λόγον
2243 3028 2286 3097 ἁ
2332 3038 2469 3101 ΧΑ

426 3138 578 3206 ποτὶ
632 3136 759 3206 τὰν
813 3146 869 3205 Α
886 3145 954 3206 Τ.
1049 3143 1379 3207 δεδείκται
1448 3136 1576 3227 γὰρ
1632 3143 1851 3208 τοῦτο.
1944 3137 2279 3207 ἐλάσσονα
2334 3136 2469 3225 ἄρα

425 3244 634 3331 λόγον
681 3249 814 3331 ἔχει
850 3241 892 3312 ἆ
923 3253 987 3311 Λ
998 3252 1066 3311 Σ
1097 3245 1251 3314 ποτὶ
1287 3245 1417 3314 τὰν
1447 3253 1592 3334 ΑΡ,
1633 3242 1682 3333 ἢ
1722 3242 1765 3313 ἁ
1793 3253 1927 3313 ΧΑ
1960 3244 2113 3313 ποτὶ
2149 3241 2275 3312 τὰν
2311 3250 2466 3312 ΤΑ·

315 3367 389 3417 20
429 3348 591 3439 ὅπερ
647 3348 1007 3421 ἀδύνατον.
1101 3348 1226 3419 οὐκ
1271 3350 1407 3443 ἄρα
1451 3358 1691 3441 μείζων
1740 3352 1921 3421 ἐστὶν
1966 3347 2008 3440 ἢ
2058 3355 2375 3420 διπλασία
2422 3348 2466 3419 ἆ

572 3537 623 3587 2.
664 3550 782 3601 εχει
816 3530 887 3597 F3
925 3546 1064 3585 corr.
1104 3530 1166 3584 B.
1333 3537 1383 3585 7.
1423 3532 1690 3585 ὃιπλασια
1728 3528 1790 3585 F.
1958 3524 2182 3599 ΤΜΝ]
2222 3532 2359 3584 ΜΝ
2393 3529 2464 3596 F3

2622 0 2635 329 ἱ
