2659 3967
378 133 509 198 263
1186 132 1601 184 ΨΑΜΜῙΤΗΣ.

378 276 536 356 άδες
588 279 725 344 τῶν
782 276 1113 362 δευτέρων
1160 271 1477 363 ἀριθμῶν
1524 271 1739 360 μονὰς
1781 280 2117 342 καλείσθω
2164 280 2412 362 τρίτων

378 381 723 471 ἀριθμῶν,
777 382 889 449 καὶ
944 383 1414 470 ἀριθμείσθων
1457 384 1593 448 τῶν
1638 386 1881 469 τρίτων
1927 379 2243 471 ἀριθμῶν
2291 410 2412 470 μο-

376 489 579 568 νάδες
622 488 735 555 καὶ
780 487 912 556 ἀπὸ
959 492 1085 556 τᾶν
1132 485 1450 574 μονάδων
1499 485 1773 566 δεκάδες
1817 481 1936 554 καῖ
1976 488 2413 568 ἑκατοντάδες

376 595 490 662 καὶ
553 595 847 682 χιλιάδες
910 594 1021 662 καὶ
1085 593 1406 683 μυριάδες
1467 595 1533 673 ἐς
1591 592 1710 674 τὰς
1764 600 2006 684 μυρίας
2060 595 2409 684 μυριάδας.

301 677 343 804 ἒ
378 699 500 770 τὸν
546 699 756 771 αὐτὸν
804 701 879 770 δὲ
923 701 1178 789 τρόπον
1220 700 1333 768 καὶ
1369 705 1504 769 τῶν
1540 705 1784 790 τρίτων
1822 699 2138 790 ἀριθμῶν
2174 708 2411 791 μυρίαι

380 808 699 896 μυριάδες
753 806 963 895 μονὰς
1016 814 1354 877 καλείσθω
1397 806 1738 896 τετάρτων
1783 807 2132 897 ἀριθμῶν,
2175 809 2287 876 καὶ
2335 812 2416 876 αἶ

378 917 515 982 τῶν
579 914 910 1002 τετάρτων
976 912 1291 1004 ἀριθμῶν
1355 919 1583 1000 μυρίαι
1647 915 1968 1003 μυριάδες
2026 915 2239 1002 μονὰς
2295 942 2410 983 κα-

379 1024 631 1088 λείσθω
678 1022 990 1108 πέμπτων
1036 1019 1378 1110 ἀριθμῶν,
1433 1020 1544 1088 καὶ
1591 1019 1696 1088 ἀεὶ
1743 1020 1957 1102 οὕτως
1999 1021 2412 1111 προαγόντες

381 1128 453 1192 οἱ
517 1123 797 1214 ἀριθμοὶ
866 1125 945 1195 τὰ
1018 1125 1313 1214 ὀνόματα
1380 1124 1672 1214 ἐχόντων
1742 1130 1807 1208 ἐς
1871 1127 1992 1209 τὰς
2061 1147 2412 1217 μυριακισ-

275 1251 343 1300 10
380 1237 762 1318 μυριοστῶν
808 1232 1124 1322 ἀριθμῶν
1163 1238 1399 1321 μυρίας
1434 1233 1782 1322 μυριάδας.
1847 1232 2244 1323 ἀποχρέοντι
2282 1235 2410 1322 μὲν

381 1329 510 1405 οὖν
546 1340 659 1406 καὶ
698 1341 803 1408 ἐπὶ
838 1345 1169 1410 τοσοῦτον
1198 1343 1267 1408 οἱ
1289 1337 1570 1427 ἀριθμοὶ
1597 1343 2143 1429 γιγνωσκομένοι.
2197 1343 2410 1423 ἔξεστι

300 1454 344 1517 4
382 1443 459 1512 δὲ
511 1445 623 1512 καὶ
679 1447 784 1514 ἐπὶ
840 1449 1043 1516 πλέον
1098 1445 1432 1536 προάγειν.
1527 1451 1735 1515 ἔστων
1790 1445 1920 1536 γὰρ
1977 1452 2048 1516 οἱ
2097 1447 2220 1536 μὲν
2273 1452 2410 1517 νῦν

379 1554 720 1640 εἰρημένοι
776 1551 1060 1642 ἀριθμοὶ
1104 1552 1362 1642 πρῶτας
1407 1553 1730 1642 περιόδου
1773 1555 2196 1642 καλουμένοι,
2244 1553 2281 1624 ὁ
2331 1555 2410 1624 δὲ

380 1663 655 1746 ἔσχατος
689 1657 981 1747 ἀρνθμὸς
1016 1664 1133 1739 τᾶς
1165 1657 1425 1748 πρῶτας
1459 1659 1784 1746 περιόδου
1819 1659 2034 1747 μονὰς
2067 1666 2408 1729 καλείσθω

276 1785 341 1834 15
382 1768 695 1854 δευτέρας
750 1767 1075 1856 περιόδου
1130 1765 1409 1856 πρῶτων
1469 1764 1803 1854 ἀριθμῶν.
1893 1768 2100 1836 πάλιν
2159 1768 2235 1835 δὲ
2293 1769 2408 1836 καὶ

381 1876 457 1939 αἱ
515 1880 747 1964 μυρίαι
812 1874 1129 1962 μυριάδες
1188 1877 1302 1954 τᾶς
1367 1876 1678 1963 δευτέρας
1739 1874 2065 1962 περιόδου
2121 1875 2409 1962 πρῶτων

350 1969 697 2067 ’ἀριθμῶν
745 1980 957 2069 μονάς
1000 1988 1328 2050 καλείσθω
1377 1986 1496 2062 τοῖς
1540 1981 1854 2069 δευτέρας
1901 1981 2224 2070 περιόδου
2263 1985 2410 2049 δευ-

380 2088 591 2172 τέρων
656 2085 990 2175 ἀριθμῶν.
1080 2085 1325 2172 ὁμοίως
1392 2086 1468 2155 δὲ
1530 2086 1642 2154 καὶ
1705 2085 1968 2155 τούτων
2029 2083 2066 2154 ὁ
2133 2091 2410 2174 ἔσχατος

380 2190 593 2277 μονὰς
647 2199 983 2260 καλείσθω
1041 2192 1345 2279 δευτέρας
1399 2191 1721 2279 περιόδου
1773 2198 2017 2281 τρίτων
2063 2189 2406 2280 ἀριθμῶν,

206 2293 211 2298 ’
275 2313 345 2364 20
379 2295 491 2363 καὶ
531 2295 636 2364 ἀεὶ
676 2295 889 2378 οὕτως
926 2301 999 2365 οἱ
1026 2296 1305 2385 ἀριθμοὶ
1343 2297 1753 2386 προαγόντες
1778 2295 1860 2365 τὰ
1891 2295 2192 2384 ὀνόματα
2222 2296 2407 2384 ἐχόν-

380 2428 517 2470 των
561 2407 679 2483 τᾶς
723 2407 1033 2494 δευτέρας
1075 2401 1396 2490 περιόδου
1442 2406 1506 2483 ἐς
1550 2402 1669 2484 τὰς
1704 2408 2406 2492 μυριακισμυριοστῶν

382 2508 697 2598 ἀριθμῶν
763 2517 1000 2600 μυρίας
1053 2509 1398 2600 μυριάδας.
1489 2509 1694 2580 πάλιν
1750 2510 1835 2579 δὲ·
1877 2511 1990 2578 καὶ
2047 2508 2083 2579 ὁ
2134 2515 2408 2597 ἔσχατος

380 2614 674 2706 ἀριθμὸς
707 2623 825 2698 τᾶς
864 2619 1167 2706 δευτέρας
1202 2617 1527 2703 περιόδου
1563 2615 1776 2704 μονὰς
1812 2623 2148 2686 καλείσθω
2180 2622 2408 2705 τρίτας

379 2723 702 2811 περιόδου
737 2724 1015 2814 πρῶτων
1052 2719 1386 2811 ἀριθμῶν,
1423 2725 1536 2792 καὶ
1573 2722 1679 2792 ἀεὶ
1717 2723 1930 2804 οὕτως
1965 2725 2405 2813 προαγόντων

208 2857 210 2861 ’
274 2846 342 2896 25
382 2832 447 2909 ἐς
484 2829 601 2910 τὰς
636 2835 1307 2920 μυριακισμυριοστᾶς
1343 2829 1666 2918 περιόδου
1702 2834 2404 2918 μυριακισμυριοστῶν

523 3065 573 3115 2.
613 3055 1027 3130 ἀριθμείσθων]
1057 3059 1278 3130 scripsi3
1308 3061 1668 3129 αριθμεισθω
1692 3057 1754 3126 F,
1781 3059 1982 3128 uulgo;
2011 3053 2404 3148 ἀριθμείσθω-

379 3132 486 3187 σἀν
523 3128 755 3199 wallia,
804 3129 1087 3185 Torellius.
1270 3137 1321 3186 3.
1361 3151 1459 3185 και
1496 3149 1558 3184 αι
1594 3149 1708 3184 απο
1745 3130 1808 3198 F,
1850 3130 2048 3198 uulg03
2099 3149 2161 3184 αι
2197 3129 2402 3186 deleui.

377 3209 427 3256 4.
470 3199 531 3266 ἐς
566 3198 693 3275 τάς]
736 3219 888 3256 εσται
924 3197 993 3266 F;
1032 3215 1171 3256 corr.
1208 3201 1428 3256 wallis.
1595 3220 1804 3271 μυριαν
1842 3201 2112 3272 μυριαδες
2149 3201 2220 3266 Ἐς
2261 3217 2401 3256 corr,

374 3273 597 3330 wallia.
732 3280 777 3328 6.
816 3267 959 3342 ἀριθ
998 3271 1102 3360 ῶν]
1140 3273 1195 3336 ἓξ
1229 3271 1291 3341 F,
1326 3275 1394 3328 ut
1428 3272 1580 3327 infra
1616 3272 1852 3342 saepius,
1982 3277 2030 3326 9.
2072 3290 2297 3341 εχοντες
2330 3271 2403 3339 Ι·“;

376 3361 515 3402 corr.
552 3345 767 3401 Wallia
972 3363 999 3406 ς
1036 3344 1159 3428 τας]
1200 3362 1355 3398 εσται
1391 3342 1460 3410 F3
1501 3359 1640 3399 corr.
1678 3342 1899 3398 wallis.
2085 3349 2166 3400 10.
2205 3362 2406 3414 μνριαι

376 3414 1223 3558 ’ἔζῖῗῖἒέὕῖξιῗοέἔέῑξὲῗῃῖᾱο
1261 3415 1999 3556 ωσῖἶῖξρὶἴῖὀῖὠὲοῗῶ
2025 3413 2271 3553 ἶῗέπὸ
2311 3418 2404 3539 ἒέἐ
