2659 3967
426 187 558 250 244
1234 191 1649 244 ΨΑΜΜΙΤΗΣ.

419 328 637 415 μόνον
681 329 804 399 τὸν
850 329 1153 419 ἀριθμὸν
1197 336 1321 400 τοῦ
1370 330 1649 418 ψάμμου
1692 335 1821 400 τοῦ
1864 333 2153 418 μέγεθος
2186 336 2469 419 ἔχοντος

422 444 574 504 ἴσον
618 440 701 526 τᾷ
747 442 835 526 γᾷ
883 439 1391 528 πεπληρωμένα,
1437 437 1744 525 καθάπερ
1791 446 2082 524 εἶπαμες,
2126 435 2300 505 ἀλλά
2350 438 2470 504 καὶ

337 545 382 608 4
415 541 539 611 τὸν
587 548 710 611 τοῦ
757 544 1043 630 μέγεθος
1088 551 1240 612 ἴσον
1279 549 1549 631 ἔχοντος
1582 548 1674 636 τῷ
1710 542 1960 635 κόσμῳ.
2032 544 2327 630 κατέχεις
2364 545 2469 630 δέ,

419 648 594 718 διότι
649 655 943 717 καλείται
998 649 1250 737 κόσμος
1303 647 1437 718 ὑπὸ
1495 649 1618 736 μὲν
1661 653 1800 718 των
1845 655 2176 718 πλείστων
2222 647 2469 738 ἀστρο-

351 768 383 817 5
419 755 643 841 λόγων
709 750 750 820 ἆ
819 767 1110 844 σφαῖρα,
1177 746 1259 835 ἇς
1323 757 1462 822 ἐστι
1514 755 1796 841 κέντρον
1849 753 1977 842 μὲν
2030 753 2107 824 τὸ
2162 759 2283 837 τᾶς
2336 761 2471 843 γᾶς

418 860 719 947 κέντρον,
766 857 808 928 ἀ
849 860 924 929 δὲ
963 863 1036 929 ἐκ
1070 865 1193 929 τοῦ
1230 862 1513 948 κέντρου
1552 869 1664 929 ἴσα
1698 864 1782 948 τᾷ
1819 858 2061 952 εὐθείᾳ
2095 865 2177 950 τᾷ
2215 863 2468 949 μεταξὺ

417 969 541 1034 τοῦ
614 967 898 1055 κέντρου
968 970 1093 1034 τοῦ
1167 965 1367 1036 ἁλίου
1428 966 1541 1034 καὶ
1602 969 1727 1035 τοῦ
1787 967 2074 1056 κέντρου
2134 972 2255 1049 τᾶς
2316 973 2467 1056 γᾶς.

417 1075 630 1139 ταῦτα
682 1070 812 1159 γάρ
870 1074 1005 1140 ἐντι
1064 1070 1145 1140 τά
1192 1073 1588 1161 γραφόμενα
1601 1125 1619 1158 ,
1676 1071 1768 1154 ὥς
1810 1073 1991 1163 παρὰ
2036 1078 2175 1144 τῶν
2220 1073 2467 1163 ἀστρο-

419 1177 645 1264 λόγων
683 1177 1066 1258 διάκουσας.
1126 1177 1553 1268 Ἀρίσταρχος
1590 1179 1665 1248 δὲ
1704 1177 1740 1248 ὃ
1771 1180 2034 1268 Σάμιος
2064 1177 2467 1250 ὖποθεσίων

315 1298 382 1347 10
418 1309 625 1352 τινων
687 1285 1007 1366 ἐξέδωκεν
1059 1284 1359 1375 γραφάς,
1416 1288 1489 1353 ἐν
1544 1279 1651 1366 αἷς
1696 1289 1768 1354 ἐκ
1805 1291 1949 1355 ’τῶν
1992 1284 2465 1376 ὑποκειμένων

419 1396 779 1478 συμβαίνει
837 1389 961 1460 τὸν
1014 1391 1272 1480 κόσμον
1333 1393 1840 1461 πολλαπλάσιον
1898 1389 2083 1480 εἶμεν
2140 1399 2269 1463 τοῦ
2324 1400 2465 1464 νῦν

342 1499 383 1564 5
421 1499 798 1586 εἰρημένου.
851 1497 1247 1570 ὑποτιθέται
1273 1498 1405 1588 γὰρ
1433 1498 1513 1568 τὰ
1545 1499 1668 1586 μὲν
1694 1496 1995 1567 ἀπλανέα
2020 1505 2160 1570 τῶν
2187 1500 2463 1591 ἄστρων

418 1604 532 1672 καὶ
593 1603 717 1674 τὸν
781 1603 979 1674 ἅλιον
1044 1607 1272 1693 μένειν
1336 1604 1689 1692 ἀκίνητον,
1750 1602 1877 1672 ταν
1941 1605 2018 1674 δὲ
2078 1612 2212 1694 γᾶν
2274 1631 2465 1696 περι-

419 1713 749 1800 φερέσθαι
813 1712 966 1800 περὶ
1028 1709 1152 1781 τὸν
1211 1710 1409 1780 ἅλιον
1466 1710 1631 1778 κατὰ
1690 1710 1945 1781 κύκλου
2002 1716 2462 1802 περιφέρειαν,

315 1830 381 1879 15
421 1815 496 1898 ὅς
561 1819 742 1885 ἐστιν
807 1819 883 1885 ἐν
946 1819 1124 1909 μέσῳ
1179 1821 1271 1910 τῷ
1329 1816 1561 1910 δρόμῳ
1614 1823 1947 1905 κείμενος,
2009 1815 2133 1886 τάν
2190 1819 2267 1887 δὲ
2319 1824 2463 1889 τῶν

420 1921 773 1992 ἀπλανέων
838 1921 1108 2010 ἄστρων
1163 1937 1461 2010 σφαῖραν
1506 1923 1657 2011 περὶ
1702 1920 1777 1990 τὸ
1826 1920 1989 1991 αὐτὸ
2036 1924 2317 2014 κέντρον
2363 1930 2460 2018 τῷ

420 2026 588 2122 ἁλίῳ
634 2030 950 2115 κειμέναν
996 2033 1088 2121 τῷ
1129 2030 1398 2116 μεγέθει
1436 2028 1840 2097 ταλικαύταν
1877 2026 2082 2116 εἶμεν,
2130 2028 2300 2099 ὥστε
2334 2030 2461 2101 τὸν

419 2134 700 2221 κύκλον,
764 2132 924 2203 καθ’
995 2131 1078 2203 ὃν
1132 2133 1258 2202 τάν
1309 2140 1443 2222 γᾶν
1496 2133 1891 2204 ὑποτιθέται
1949 2139 2459 2225 περιφερέσθαι,

419 2240 742 2309 τοιαύταν
816 2246 991 2328 ἔχειν
1058 2238 1432 2328 ἀναλογίαν
1494 2242 1646 2309 ποτὶ
1706 2240 1835 2311 τὰν
1896 2245 2035 2310 τῶν
2098 2241 2459 2313 ἀπλανέων

315 2360 385 2409 20
423 2343 869 2431 ἀποστασίαν,
927 2349 1081 2414 οἵαν
1137 2351 1268 2434 ἔχει
1322 2345 1399 2415 τὸ
1454 2351 1737 2437 κέντρον
1788 2351 1907 2427 τᾶς
1959 2354 2250 2438 σφαίρας
2302 2352 2460 2419 ποτὶ

341 2456 382 2520 6
419 2451 546 2520 τάν
587 2452 1001 2539 ἐπιφάνειαν.
1064 2457 1268 2521 τοῦτο
1307 2452 1373 2540 γ’
1418 2453 1710 2541 εὔδηλον
1746 2452 1837 2535 ὥς
1872 2453 2219 2524 ἀδύνατόν
2256 2459 2459 2526 ἐστιν.

423 2560 563 2628 ἐπεὶ
607 2558 739 2649 γὰρ
784 2557 860 2629 τὸ
907 2564 1028 2640 τᾶς
1074 2566 1367 2648 σφαίρας
1408 2562 1689 2647 κέντρον
1735 2558 1939 2629 οὐδὲν
1978 2566 2110 2649 ἔχει
2148 2564 2459 2650 μέγεθος,

421 2664 584 2736 οὐδὲ
649 2666 856 2753 λόγον
921 2672 1095 2755 ἔχειν
1161 2667 1411 2736 οὐδένα
1472 2667 1627 2735 ποτὶ
1691 2665 1817 2735 τάν
1878 2667 2278 2756 ἐπιφάνειαν
2337 2674 2461 2751 τᾶς

421 2778 715 2862 σφαίρας
785 2771 1209 2842 ὑπολαπτέον
1275 2771 1459 2842 αὐτό.
1555 2775 1900 2842 ἐκδεκτέον
1963 2774 2040 2843 δὲ
2099 2773 2226 2844 τὸν
2286 2774 2458 2863 Ἀρί-

315 2895 382 2944 25
422 2900 713 2969 σταρχον
769 2884 1193 2949 διανοείσθαι
1249 2879 1433 2948 τόδε·
1509 2877 1733 2966 ἐπειδὴ
1788 2880 1915 2948 τάν
1968 2885 2103 2969 γᾶν
2156 2879 2457 2970 ὑπολαμ-

420 2985 712 3072 βάνομες
759 2984 978 3074 ὥσπερ
1027 2983 1211 3073 εἶμεν
1255 2983 1331 3054 τὸ
1379 2987 1660 3074 κέντρον
1704 2990 1827 3054 τοῦ
1871 2986 2153 3075 κόσμου,
2202 2984 2284 3056 ὃν
2322 2993 2458 3076 ἔχει

419 3091 628 3179 λόγον
692 3090 734 3160 ἀ
801 3097 888 3179 γᾶ
947 3092 1100 3161 ποτὶ
1152 3089 1275 3160 τὸν
1330 3089 1451 3179 ὑφ’
1513 3089 1706 3179 ἀμῶν
1761 3095 2118 3181 εἰρημένον
2172 3094 2457 3182 κόσμον,

565 3329 614 3380 2.
655 3342 898 3394 ειπαμεν
934 3323 996 3392 F,
1032 3322 1226 3391 uulgo.
1383 3328 1433 3378 3.
1473 3291 1758 3392 μεγεθους
1794 3322 1862 3390 F;
1903 3339 2041 3379 corr.
2078 3324 2143 3382 Β.
2298 3332 2349 3380 6.
2386 3321 2455 3396 ἁ]

420 3414 458 3463 η
503 3395 574 3462 F;
631 3409 771 3450 corr.
819 3395 888 3450 V.
1061 3390 1150 3458 ἐκ]
1201 3408 1309 3448 om.
1359 3393 1430 3461 F;
1479 3409 1619 3448 corr.
1664 3392 1888 3450 Wallia.
2060 3396 2178 3468 ἴσα]
2232 3412 2343 3451 om.
2388 3395 2457 3464 F,

420 3465 626 3520 lacuna.
663 3464 888 3533 relicta3
935 3481 1074 3520 corr.
1112 3462 1335 3520 wallis.
1516 3484 1579 3518 αι
1615 3467 1845 3520 ευθειαι
1879 3464 1946 3533 F;
1998 3481 2135 3522 corr.
2172 3466 2455 3524 Riualtus.

422 3540 473 3590 8.
523 3532 641 3592 ἐντι
695 3532 766 3590 τὰ
822 3532 1186 3607 γραφόμενα,
1243 3530 1345 3606 ὥς]
1394 3534 1618 3604 scrip813
1675 3554 1738 3590 εν
1783 3555 1908 3599 ταις
1950 3555 2345 3608 γραφομεναις
2388 3539 2457 3608 F,
