2659 3967
568 156 665 212 DE
704 157 815 227 IIS,
860 156 1059 223 QUAE
1094 158 1175 214 IN
1211 157 1506 214 HUMIDO
1543 157 1969 215 UEHUNTUR.
2153 161 2286 226 371

245 305 487 370 molem
536 302 880 387 aequalem
919 326 1066 369 cum
1094 302 1164 368 D
1201 303 1499 389 [grauius
1538 327 1732 389 quam
1760 304 1832 370 D
1865 307 2010 391 ipsa
2042 305 2104 372 G-
2143 328 2291 393 gra-

246 412 505 493 uitate}
600 409 833 475 Palam
896 410 1128 496 igitur,
1189 411 1364 496 quod
1423 411 1837 498 magnitudo,
1894 412 1965 477 in
2021 436 2150 499 qua
2206 414 2290 499 A,

243 518 457 584 fertur
502 518 569 584 in
622 518 921 584 deorsum
968 521 1155 584 tanta
1200 518 1546 604 grauitate,
1594 523 1840 603 quanta
1885 522 1986 584 est
2033 525 2108 586 G.

965 747 1425 835 Suppositio
1470 748 1560 815 II.

380 873 819 959 Supponatur‚
866 896 1110 959 eorum,
1148 897 1311 960 quae
1356 875 1427 939 in
1461 875 1731 941 humido
1771 897 2026 941 sursum
2063 873 2288 939 ferun-

240 985 368 1068 tur,
416 981 923 1067 unumquodque
972 1003 1228 1048 sursum
1272 983 1431 1048 ferri
1469 982 1821 1048 secundum
1857 981 2285 1067 perpendicu-
2322 993 2357 1045 5

238 1089 464 1174 larem,
503 1111 669 1174 quae
705 1111 823 1175 per
856 1093 1149 1156 centrum
1178 1090 1526 1175 grauitatis
1555 1091 1850 1174 ipsorum
1875 1089 2275 1174 producitur.

542 1319 969 1400 Theorema
1014 1319 1196 1385 VIII.
1285 1320 1739 1405 Propositio
1787 1319 1968 1386 VIII.

374 1442 444 1508 Si
490 1443 712 1529 aliqua
757 1444 968 1510 solida
1012 1445 1392 1532 magnitudo
1430 1444 1679 1510 habens
1716 1444 1996 1529 figuram
2033 1444 2285 1530 portio-

236 1550 341 1614 nis
390 1549 703 1635 sphaerae
748 1551 817 1615 in
853 1549 1191 1616 humidum
1230 1549 1600 1617 dimittatur
1639 1551 1752 1634 ita,
1798 1553 1873 1614 ut
1907 1550 2088 1615 basis
2130 1571 2280 1633 por-

235 1655 438 1722 tionis
484 1680 616 1723 non
660 1661 897 1742 tangat
931 1657 1291 1742 humidum,
1335 1658 1547 1742 figura
1586 1656 1900 1722 insidebit
1934 1660 2115 1722 recta
2151 1656 2249 1720 ita

232 1766 309 1828 ut
371 1764 509 1828 axis
563 1764 883 1849 portionis
940 1764 1289 1830 secundum
1345 1764 1951 1850 perpendicularem
2007 1763 2113 1829 sit.
2205 1774 2280 1836 et

237 1870 293 1935 si
362 1871 444 1935 ab
510 1870 732 1956 aliquo
796 1871 1084 1937 trahitur
1135 1872 1350 1958 figura
1403 1873 1526 1958 ita,
1591 1876 1664 1938 ut
1717 1871 1894 1936 basis
1950 1869 2273 1953 portionis

233 1981 467 2063 tangat
511 1976 876 2063 humidum,
932 2001 1064 2045 non
1108 1983 1332 2044 manet
1378 1979 1726 2064 declinata,
1784 1977 2133 2043 secundum
2180 1976 2270 2040 di-

235 2083 559 2168 mittatur,
606 2082 719 2150 sed
764 2088 943 2149 recta
988 2085 1444 2166 restituatur.†
1465 2083 1516 2171 ¹)

382 2299 435 2364 1)
473 2294 892 2350 Demonstratio
929 2291 1095 2349 huius
1131 2293 1531 2365 propositionis
1571 2295 1727 2363 apud
1756 2294 2079 2350 Tartaleam
2117 2294 2278 2360 deest

234 2365 455 2432 <diserte
484 2366 558 2422 ad
588 2381 715 2421 eam
745 2365 1041 2436 respicitur
1069 2381 1229 2436 prop.
1250 2369 1283 2420 9
1302 2383 1357 2434 p.
1381 2371 1504 2433 3⁷2,
1529 2370 1623 2435 153
1645 2367 1770 2436 21);
1799 2365 1895 2421 sed
1913 2366 2128 2436 figurae
2148 2381 2276 2418 cum

230 3105 318 3174 iia,
359 3122 505 3175 quae
543 3106 615 3162 ad
644 3123 804 3177 prop.
836 3112 869 3161 9
898 3107 1198 3177 pertinent,
1235 3107 1446 3162 mixtae
1471 3107 1837 3164 inueniuntur
1862 3109 2002 3180 hae3
2040 3109 2267 3165 demon-

232 3178 564 3233 strat-ionem
602 3179 673 3233 de
710 3194 810 3233 suo
848 3178 1059 3234 adiecit
1095 3177 1544 3235 Commandinua

378 3381 425 3431 1.
465 3375 693 3445 grauius
714 3406 783 3418 —
811 3375 1097 3445 grauitate
1150 3375 1246 3432 lin.
1295 3380 1326 3429 2
1383 3392 1491 3430 om.
1541 3374 1830 3442 Tartalea3
1889 3374 2147 3444 suppleui
2197 3392 2266 3430 ex

233 3445 658 3572 gglxpligandinm
842 3453 891 3505 3.
940 3445 1114 3518 „feri“
1164 3446 1443 3503 Tartalea.
1628 3453 1711 3502 13.
1761 3446 2087 3518 secundum]
2142 3445 2263 3517 „si“

1830 3608 1939 3663 24*
