2659 3967
399 206 487 270 32
1156 206 1333 257 ΠΕΡΙ
1367 205 1677 259 mmmm.

396 346 749 429 ψαυούσας
801 345 955 414 ποτὶ
1009 344 1136 414 τάν
1190 341 1380 433 ἆφὰν
1433 344 1554 414 τὸν
1597 345 1933 433 ταχθέντα
1987 346 2194 432 λόγον
2240 351 2440 433 ἔχειν,

397 460 467 519 εἴ
504 477 591 519 κα
645 448 680 519 ὅ
741 451 975 532 δοθεὶς
1028 450 1243 539 λόγος·
1284 452 1525 539 μείζων
1577 443 1623 541 ᾗ
1668 455 1824 539 τοῦ,
1881 447 1965 520 ὃν
2020 456 2152 538 ἔχει
2207 447 2251 518 ἆ
2297 447 2444 539 ἡμί-

399 577 547 626 σεια
590 561 710 639 τᾶς
766 561 840 627 ἐν
892 560 986 651 τῷ
1040 557 1264 650 κύκλῳ
1320 558 1688 645 δεδομένας
1741 558 1894 625 ποτὶ
1947 556 2073 626 τάν
2127 555 2262 627 ἀπὸ
2317 560 2445 626 τοῦ

397 666 681 753 κέντρου
724 662 1019 732 κάθετον
1064 659 1166 731 ἐπ’
1217 660 1436 733 αὐτὰν
1481 662 1840 751 ἀγομέναν.

262 840 266 846 ,
328 788 361 838 5
534 769 848 840 δεδόσθω
904 768 1151 850 κύκλος
1206 766 1244 837 ὃ
1289 776 1588 857 ΑΒΓΔ,
1643 770 1757 839 καὶ
1813 772 1886 839 ἐν
1930 773 2023 864 τῷ
2069 770 2292 839 κύκλω
2341 768 2446 839 εύ-

398 888 559 948 θεῖα
606 876 909 947 ἐλασσων
953 881 1072 958 τᾶς
1117 878 1481 967 διαμέτρου
1531 874 1575 943 ἅ
1622 882 1745 946 ΓΛ
1788 876 2085 965 διάχθω,
2140 878 2254 945 καὶ
2309 879 2444 945 ἐπι-

399 984 666 1057 ψαυέτω
719 988 844 1053 τοῦ
898 982 1153 1052 κύκλου
1199 980 1241 1051 ἆ
1288 982 1419 1060 ΞΓ
1455 1008 1622 1051 κατα
1665 982 1742 1051 τὸ
1787 989 1867 1071 Γ,
1913 984 2026 1051 καὶ
2072 983 2301 1072 λόγος,
2360 984 2444 1053 ὃν

402 1096 534 1179 ἔχει
580 1086 623 1157 ἆ
673 1096 727 1157 Ζ
772 1089 925 1157 ποτὶ
968 1086 1094 1159 τὰν
1128 1096 1219 1175 Η,
1264 1094 1508 1178 μείζων
1553 1094 1703 1177 τοῦ,
1750 1116 1832 1157 ον
1871 1095 2004 1179 ἔχει
2049 1088 2092 1157 ἆ
2128 1097 2255 1159 ΓΘ
2285 1092 2444 1160 ’ποτὶ

399 1193 527 1265 τάν
572 1203 723 1264 ΘΚ.
815 1198 1101 1266 έσσείται
1148 1194 1233 1283 δὴ
1272 1201 1515 1282 μείζων
1559 1196 1674 1263 καὶ
1717 1198 1872 1283 τοῦ,
1921 1194 2005 1266 ὃν
2050 1201 2183 1285 ἔχει
2228 1194 2272 1264 ἆ
2309 1204 2452 1266 ΚΓ

300 1323 367 1373 10
405 1303 559 1373 ποτὶ
610 1300 737 1370 τὰν
793 1308 941 1371 ΓΛ.
1031 1302 1230 1390 ἐχέτω
1291 1293 1422 1370 οὖν
1483 1299 1527 1369 ἆ
1573 1308 1714 1371 ΚΓ
1763 1303 1917 1371 ποτὶ
1972 1303 2098 1371 τὰν
2144 1306 2269 1381 ΓΞ
2317 1302 2445 1373 τὸν

1058 1432 1150 1489 M
1586 1406 1798 1477 αὐτὸν
1851 1409 2093 1497 λόγον,
2149 1406 2233 1479 ὃν
2285 1405 2329 1478 ἆ
2390 1418 2445 1478 Ζ

1583 1515 1738 1583 ποτὶ
1781 1513 1910 1583 τάν
1953 1523 2040 1583 Η.
2133 1515 2441 1585 ἐλάσσων

1585 1620 1719 1711 ἄρα
1747 1621 1928 1690 ἐστὶν
1958 1620 2129 1690 αὐτὰ
2159 1626 2277 1704 τᾶς
2304 1627 2444 1691 ΓΛ.

1582 1728 1788 1796 πάλιν
1817 1727 1902 1815 δὴ
1930 1728 2306 1817 γεγράφθω
2325 1728 2444 1797 κύ-

1581 1842 1738 1915 κλος
1784 1834 1898 1903 διὰ
1945 1839 2085 1903 ταῖν
2131 1838 2208 1921 Ξ,
2243 1842 2333 1922 Κ,
2381 1843 2444 1903 A

1583 1946 1897 2028 σαμείων.
1943 1941 2083 2010 ἐπεὶ
2107 1933 2237 2009 οὖν
2257 1943 2447 2010 ἐλάσ-

1584 2068 1725 2117 σων
1791 2048 1975 2118 ἐστὶν
2039 2044 2082 2115 ἆ
2142 2050 2274 2125 ΞΓ
2327 2050 2448 2128 τᾶς

1582 2160 1739 2242 ΓΛ,
1810 2154 1925 2223 καὶ
1996 2150 2144 2222 ποτ’
2225 2152 2450 2243 ὀρθοῖς

1309 2305 1369 2358 Z
1472 2332 1476 2336 ,
1586 2263 1724 2329 ἐντι
1779 2258 2099 2340 ἄλλᾶλαις
2149 2262 2225 2326 αἰ
2265 2267 2336 2328 Κ
2344 2267 2443 2346 M,

1110 2363 1541 2476 Τ
1583 2370 1736 2454 ΞΓ,
1802 2364 2102 2435 δυνατὸν
2159 2370 2245 2455 τᾷ
2300 2370 2457 2434 ΓΜ

938 2482 1543 2530 1————-————†
1586 2479 1744 2541 ἴσαν
1824 2474 2034 2559 θέμεν
2116 2469 2243 2539 τὰν
2325 2478 2456 2540 ΙΝ

410 2579 751 2650 νεύουσαν
805 2579 912 2647 ἐπὶ
969 2577 1047 2647 τὸ
1094 2584 1179 2647 K.
1270 2579 1413 2647 ἐπεὶ
1469 2570 1598 2648 οὖν
1651 2576 1730 2647 τὸ
1785 2576 1920 2647 ὑπὸ
1975 2582 2104 2646 τᾶν
2149 2580 2286 2664 EI,-
2331 2584 2450 2645 ΙΛ

411 2686 566 2755 ποτὶ
628 2684 705 2753 τὸ
760 2681 896 2753 ὑπὸ
952 2688 1081 2753 τᾶν
1127 2691 1272 2769 AI,
1324 2689 1470 2752 ΚΕ
1519 2686 1733 2771 ἐστιν,
1798 2679 1890 2763 ὥς
1932 2685 2044 2760 ΞῙ
2090 2685 2244 2751 ποτὶ
2291 2690 2448 2769 ΚΕ,

413 2790 583 2861 ἀλλὰ
632 2795 723 2885 τῷ
770 2791 895 2878 μὲν
940 2788 1073 2859 ὑπὸ
1121 2794 1248 2859 τᾶν
1282 2793 1412 2877 EI,
1457 2798 1505 2859 Ι
1509 2798 1573 2859 Λ
1619 2800 1772 2860 ἴσον
1820 2790 2001 2859 ἐστὶν
2035 2787 2114 2859 τὸ
2149 2787 2283 2859 ὑπὸ
2320 2794 2449 2860 τᾶν

306 2912 377 2961 25
415 2904 562 2984 KI,
608 2904 760 2983 IN,
814 2900 905 2988 τῷ
954 2896 1031 2965 δὲ
1074 2894 1209 2965 ὑπὸ
1255 2900 1384 2963 τᾶν
1430 2903 1574 2983 AI,
1621 2903 1763 2965 ΚΕ
1803 2904 1956 2966 ἴσον
2004 2897 2142 2966 ἐστὶ
2187 2896 2265 2965 τὸ
2312 2893 2446 2965 ὑπὸ

413 3007 541 3071 τᾶν
576 3009 716 3088 ΚΙ,
762 3006 891 3070 ΓΛ
937 3001 1051 3071 διὰ
1099 3001 1173 3071 τὸ
1222 2999 1431 3089 εἶμεν,
1478 2999 1568 3082 ὥς
1612 3000 1739 3069 τάν
1777 3007 1919 3070 ΚΕ
1956 3003 2111 3071 ποτὶ
2147 3009 2287 3089 IK,
2335 3000 2450 3071 οὕ-

412 3134 541 3188 τως
593 3104 718 3176 τάν
764 3114 903 3177 ΛΓ
948 3109 1100 3177 ποτὶ
1146 3116 1291 3195 AI,
1347 3110 1461 3177 καὶ
1517 3106 1608 3190 ὥς
1662 3108 1796 3198 ἄρα
1851 3105 1894 3175 ἆ
1940 3112 2052 3186 ΞΙ
2091 3109 2244 3176 ποτὶ
2289 3115 2448 3195 ΚΕ,

417 3212 632 3293 οὕτως
675 3213 750 3282 τὸ
798 3210 932 3284 ὑπὸ
980 3219 1105 3283 τᾶν
1142 3223 1279 3301 ΚΙ,
1316 3222 1447 3284 ΙΝ
1483 3216 1637 3285 ποτὶ
1680 3214 1757 3283 τὸ
1803 3212 1936 3284 ὑπὸ
1977 3219 2104 3285 τᾶν
2130 3222 2269 3301 ΚΙ,
2308 3220 2449 3300 ΓΛ,

414 3321 760 3421 τουτέστιν
807 3348 897 3402 ως
934 3327 1013 3388 Ν
1012 3327 1060 3389 Ι
1100 3321 1252 3392 ποτὶ
1288 3327 1431 3409 ΓΛ,
1478 3323 1820 3391 τουτέστιν
1866 3318 1907 3389 ἆ
1939 3327 2095 3390 ΓΜ
2128 3320 2282 3389 ποτὶ
2310 3326 2449 3389 ΓΛ.

304 1851 369 1901 15

559 3487 610 3535 2.
646 3472 713 3552 ᾗ]
750 3481 974 3552 και-ἱροῖς
1013 3499 1123 3538 om.
1161 3480 1224 3550 F,
1260 3483 1463 3553 uulgo3
1501 3474 1575 3552 ἦν
1611 3481 1900 3537 Torellius.
2025 3488 2075 3537 6.
2116 3483 2340 3551 διηχθω
2376 3480 2451 3547 F3

417 3524 1927 3624 οοττ.Τοι·ε·11ἰιιε.9.ἐσσείται]εοι·ἱρεί;ἔσταιρθτ
1955 3569 2134 3622 comp.
2164 3553 2227 3620 F,
2255 3552 2450 3622 uulgo.
