<?xml version="1.0" encoding="UTF-8"?>
<!DOCTYPE html PUBLIC "-//W3C//DTD XHTML 1.0 Transitional//EN"
    "http://www.w3.org/TR/xhtml1/DTD/xhtml1-transitional.dtd">
<html xmlns="http://www.w3.org/1999/xhtml" xml:lang="en" lang="en">
 <head>
  <title>
</title>
<meta http-equiv="Content-Type" content="text/html;charset=utf-8" />
  <meta name='ocr-system' content='tesseract 3.04.00' />
  <meta name='ocr-capabilities' content='ocr_page ocr_carea ocr_par ocr_line ocrx_word'/>
</head>
<body>
  <div class='ocr_page' id='page_1' title='image "archimedisopera00heibgoog_0118.png"; bbox 0 0 2659 3967; ppageno 0'>
   <div class='ocr_carea' id='block_1_1' title="bbox 300 1416 367 1466">
    <p class='ocr_par' dir='ltr' id='par_1_1' title="bbox 300 1416 367 1466">
     <span class='ocr_line' id='line_1_1' title="bbox 300 1416 367 1466; baseline 0.015 -1"><span class='ocrx_word' id='word_1_1' title='bbox 300 1416 367 1466; x_wconf 91' lang='lat'><strong><em>10</em></strong></span> 
     </span>
    </p>
   </div>
   <div class='ocr_carea' id='block_1_2' title="bbox 301 1948 364 1998">
    <p class='ocr_par' dir='ltr' id='par_1_2' title="bbox 301 1948 364 1998">
     <span class='ocr_line' id='line_1_2' title="bbox 301 1948 364 1998; baseline 0.032 -2"><span class='ocrx_word' id='word_1_2' title='bbox 301 1948 364 1998; x_wconf 83' lang='lat'><strong><em>15</em></strong></span> 
     </span>
    </p>
   </div>
   <div class='ocr_carea' id='block_1_3' title="bbox 408 191 1678 262">
    <p class='ocr_par' dir='ltr' id='par_1_3' title="bbox 408 191 1678 262">
     <span class='ocr_line' id='line_1_3' title="bbox 408 191 1678 262; baseline 0 -17"><span class='ocrx_word' id='word_1_3' title='bbox 408 197 538 262; x_wconf 77' lang='lat'><strong><em>106</em></strong></span> <span class='ocrx_word' id='word_1_4' title='bbox 1168 195 1348 246; x_wconf 77' lang='lat' dir='ltr'><strong><em>Imm</em></strong></span> <span class='ocrx_word' id='word_1_5' title='bbox 1381 191 1678 246; x_wconf 72' lang='grc' dir='ltr'><strong><em>ΕΛΙΚΩΝ.</em></strong></span> 
     </span>
    </p>
   </div>
   <div class='ocr_carea' id='block_1_4' title="bbox 402 333 2436 1168">
    <p class='ocr_par' dir='ltr' id='par_1_4' title="bbox 402 333 2436 1168">
     <span class='ocr_line' id='line_1_4' title="bbox 402 333 2434 435; baseline -0.003 -25"><span class='ocrx_word' id='word_1_6' title='bbox 402 347 496 435; x_wconf 77' lang='grc' dir='ltr'><strong><em>τῷ</em></strong></span> <span class='ocrx_word' id='word_1_7' title='bbox 546 339 1055 430; x_wconf 75' lang='grc' dir='ltr'><strong><em>ἐγγεγραμμένῳ</em></strong></span> <span class='ocrx_word' id='word_1_8' title='bbox 1102 335 1402 424; x_wconf 84' lang='grc' dir='ltr'><strong><em>σχήματι.</em></strong></span> <span class='ocrx_word' id='word_1_9' title='bbox 1477 341 1716 424; x_wconf 81' lang='grc' dir='ltr'><strong><em>μείζων</em></strong></span> <span class='ocrx_word' id='word_1_10' title='bbox 1762 334 1894 426; x_wconf 78' lang='grc' dir='ltr'><strong><em>ἄρα</em></strong></span> <span class='ocrx_word' id='word_1_11' title='bbox 1941 333 1978 404; x_wconf 97' lang='lat'><em>6</em></span> <span class='ocrx_word' id='word_1_12' title='bbox 2020 345 2083 403; x_wconf 88' lang='lat' dir='ltr'><em>A</em></span> <span class='ocrx_word' id='word_1_13' title='bbox 2093 341 2282 404; x_wconf 90' lang='lat' dir='ltr'><strong><em>ZHI</em></strong></span> <span class='ocrx_word' id='word_1_14' title='bbox 2319 335 2434 404; x_wconf 83' lang='grc' dir='ltr'><strong><em>κύ-</em></strong></span> 
     </span>
     <span class='ocr_line' id='line_1_5' title="bbox 403 442 2436 536; baseline -0.002 -19"><span class='ocrx_word' id='word_1_15' title='bbox 403 455 562 530; x_wconf 87' lang='grc' dir='ltr'><strong><em>κλος</em></strong></span> <span class='ocrx_word' id='word_1_16' title='bbox 606 444 648 535; x_wconf 84' lang='grc' dir='ltr'><em>ἢ</em></span> <span class='ocrx_word' id='word_1_17' title='bbox 694 451 1104 536; x_wconf 78' lang='grc' dir='ltr'><strong><em>τριπλασίων</em></strong></span> <span class='ocrx_word' id='word_1_18' title='bbox 1148 447 1272 513; x_wconf 81' lang='grc' dir='ltr'><strong><em>τοῦ</em></strong></span> <span class='ocrx_word' id='word_1_19' title='bbox 1320 443 1860 531; x_wconf 78' lang='grc' dir='ltr'><em>ἐγγεγραμμένου</em></span> <span class='ocrx_word' id='word_1_20' title='bbox 1896 442 2253 531; x_wconf 84' lang='grc' dir='ltr'><strong><em>σχήματος·</em></strong></span> <span class='ocrx_word' id='word_1_21' title='bbox 2311 446 2436 512; x_wconf 83' lang='grc' dir='ltr'><strong><em>τοῦ</em></strong></span> 
     </span>
     <span class='ocr_line' id='line_1_6' title="bbox 407 546 2434 642; baseline -0.003 -19"><span class='ocrx_word' id='word_1_22' title='bbox 407 555 483 624; x_wconf 73' lang='grc' dir='ltr'><strong><em>δὲ</em></strong></span> <span class='ocrx_word' id='word_1_23' title='bbox 528 571 567 626; x_wconf 68' lang='lat' dir='ltr'>Q</span> <span class='ocrx_word' id='word_1_24' title='bbox 612 553 866 622; x_wconf 82' lang='grc' dir='ltr'><strong><em>κύκλου</em></strong></span> <span class='ocrx_word' id='word_1_25' title='bbox 918 557 1345 642; x_wconf 78' lang='grc' dir='ltr'><strong><em>τριπλασίων.</em></strong></span> <span class='ocrx_word' id='word_1_26' title='bbox 1435 557 1678 637; x_wconf 83' lang='grc' dir='ltr'><strong><em>μείζων</em></strong></span> <span class='ocrx_word' id='word_1_27' title='bbox 1734 549 1866 640; x_wconf 77' lang='grc' dir='ltr'><strong><em>ἄρα</em></strong></span> <span class='ocrx_word' id='word_1_28' title='bbox 1922 550 2104 618; x_wconf 81' lang='grc' dir='ltr'><strong><em>ἐστὶν</em></strong></span> <span class='ocrx_word' id='word_1_29' title='bbox 2151 546 2188 618; x_wconf 94' lang='lat'><em>6</em></span> <span class='ocrx_word' id='word_1_30' title='bbox 2237 567 2274 622; x_wconf 67' lang='lat' dir='ltr'>Q</span> <span class='ocrx_word' id='word_1_31' title='bbox 2319 549 2434 618; x_wconf 81' lang='grc' dir='ltr'><strong><em>κύ-</em></strong></span> 
     </span>
     <span class='ocr_line' id='line_1_7' title="bbox 403 652 2430 747; baseline -0.002 -17"><span class='ocrx_word' id='word_1_32' title='bbox 403 669 560 742; x_wconf 86' lang='grc' dir='ltr'><strong><em>κλος</em></strong></span> <span class='ocrx_word' id='word_1_33' title='bbox 604 664 727 729; x_wconf 82' lang='grc' dir='ltr'><strong><em>τοῦ</em></strong></span> <span class='ocrx_word' id='word_1_34' title='bbox 774 657 1313 747; x_wconf 75' lang='grc' dir='ltr'><strong><em>ἐγγεγραμμένου</em></strong></span> <span class='ocrx_word' id='word_1_35' title='bbox 1360 657 1711 745; x_wconf 85' lang='grc' dir='ltr'><strong><em>σχήματος.</em></strong></span> <span class='ocrx_word' id='word_1_36' title='bbox 1782 654 1907 726; x_wconf 79' lang='grc' dir='ltr'><strong><em>οὔκ</em></strong></span> <span class='ocrx_word' id='word_1_37' title='bbox 1943 659 2084 724; x_wconf 79' lang='grc' dir='ltr'><strong><em>ἐστι</em></strong></span> <span class='ocrx_word' id='word_1_38' title='bbox 2119 655 2218 743; x_wconf 78' lang='grc' dir='ltr'><strong><em>δέ,</em></strong></span> <span class='ocrx_word' id='word_1_39' title='bbox 2263 652 2430 725; x_wconf 77' lang='grc' dir='ltr'><strong><em>ἀλλὰ</em></strong></span> 
     </span>
     <span class='ocr_line' id='line_1_8' title="bbox 406 761 2430 852; baseline -0.002 -16"><span class='ocrx_word' id='word_1_40' title='bbox 406 767 728 837; x_wconf 78' lang='grc' dir='ltr'><strong><em>ἐλάσσων.</em></strong></span> <span class='ocrx_word' id='word_1_41' title='bbox 821 763 947 834; x_wconf 79' lang='grc' dir='ltr'><strong><em>οὐκ</em></strong></span> <span class='ocrx_word' id='word_1_42' title='bbox 1000 763 1133 852; x_wconf 75' lang='grc' dir='ltr'><strong><em>ἄρα</em></strong></span> <span class='ocrx_word' id='word_1_43' title='bbox 1187 764 1370 832; x_wconf 80' lang='grc' dir='ltr'><strong><em>ἐστὶν</em></strong></span> <span class='ocrx_word' id='word_1_44' title='bbox 1425 761 1588 832; x_wconf 74' lang='grc' dir='ltr'><strong><em>οὐδὲ</em></strong></span> <span class='ocrx_word' id='word_1_45' title='bbox 1642 769 1866 851; x_wconf 75' lang='grc' dir='ltr'><strong><em>μεῖζον</em></strong></span> <span class='ocrx_word' id='word_1_46' title='bbox 1919 761 1996 830; x_wconf 85' lang='grc' dir='ltr'><strong><em>τὸ</em></strong></span> <span class='ocrx_word' id='word_1_47' title='bbox 2051 769 2303 852; x_wconf 79' lang='grc' dir='ltr'><strong><em>χωρίον</em></strong></span> <span class='ocrx_word' id='word_1_48' title='bbox 2355 762 2430 832; x_wconf 88' lang='grc' dir='ltr'><strong><em>τὸ</em></strong></span> 
     </span>
     <span class='ocr_line' id='line_1_9' title="bbox 404 867 2434 953; baseline -0.003 -9"><span class='ocrx_word' id='word_1_49' title='bbox 404 873 539 944; x_wconf 80' lang='grc' dir='ltr'><strong><em>ὑπό</em></strong></span> <span class='ocrx_word' id='word_1_50' title='bbox 582 899 653 943; x_wconf 85' lang='grc' dir='ltr'><strong><em>τε</em></strong></span> <span class='ocrx_word' id='word_1_51' title='bbox 696 877 816 953; x_wconf 78' lang='grc' dir='ltr'><strong><em>τᾶς</em></strong></span> <span class='ocrx_word' id='word_1_52' title='bbox 851 878 1119 941; x_wconf 89' lang='grc' dir='ltr'><em>ΑΒΓΔ</em></span> <span class='ocrx_word' id='word_1_53' title='bbox 1128 878 1255 938; x_wconf 85' lang='grc' dir='ltr'><strong><em>ΕΘ</em></strong></span> <span class='ocrx_word' id='word_1_54' title='bbox 1292 873 1508 951; x_wconf 80' lang='grc' dir='ltr'><strong><em>ἕλικος</em></strong></span> <span class='ocrx_word' id='word_1_55' title='bbox 1542 870 1656 938; x_wconf 82' lang='grc' dir='ltr'><strong><em>καὶ</em></strong></span> <span class='ocrx_word' id='word_1_56' title='bbox 1691 873 1809 951; x_wconf 80' lang='grc' dir='ltr'><strong><em>τᾶς</em></strong></span> <span class='ocrx_word' id='word_1_57' title='bbox 1836 876 1968 938; x_wconf 85' lang='grc' dir='ltr'><strong><em>ΑΘ</em></strong></span> <span class='ocrx_word' id='word_1_58' title='bbox 2003 867 2276 950; x_wconf 78' lang='grc' dir='ltr'><strong><em>εὐθείας</em></strong></span> <span class='ocrx_word' id='word_1_59' title='bbox 2309 874 2434 938; x_wconf 79' lang='grc' dir='ltr'><strong><em>τοῦ</em></strong></span> 
     </span>
     <span class='ocr_line' id='line_1_10' title="bbox 406 974 2434 1068; baseline -0.004 -16"><span class='ocrx_word' id='word_1_60' title='bbox 406 999 443 1054; x_wconf 73' lang='lat' dir='ltr'><strong>Q</strong></span> <span class='ocrx_word' id='word_1_61' title='bbox 487 981 758 1050; x_wconf 83' lang='grc' dir='ltr'><strong><em>κύκλου.</em></strong></span> <span class='ocrx_word' id='word_1_62' title='bbox 833 988 985 1048; x_wconf 73' lang='grc' dir='ltr'><strong><em>ἴσον</em></strong></span> <span class='ocrx_word' id='word_1_63' title='bbox 1031 976 1166 1067; x_wconf 75' lang='grc' dir='ltr'><strong><em>ἄρα</em></strong></span> <span class='ocrx_word' id='word_1_64' title='bbox 1211 977 1394 1045; x_wconf 84' lang='grc' dir='ltr'><strong><em>ἐστὶν</em></strong></span> <span class='ocrx_word' id='word_1_65' title='bbox 1444 981 1562 1068; x_wconf 76' lang='grc' dir='ltr'><strong><em>[τῷ</em></strong></span> <span class='ocrx_word' id='word_1_66' title='bbox 1608 977 2092 1066; x_wconf 80' lang='grc' dir='ltr'><strong><em>περιλαφθέντι</em></strong></span> <span class='ocrx_word' id='word_1_67' title='bbox 2135 974 2269 1046; x_wconf 80' lang='grc' dir='ltr'><strong><em>ὑπὸ</em></strong></span> <span class='ocrx_word' id='word_1_68' title='bbox 2315 981 2434 1057; x_wconf 82' lang='grc' dir='ltr'><strong><em>τᾶς</em></strong></span> 
     </span>
     <span class='ocr_line' id='line_1_11' title="bbox 406 1082 1494 1168; baseline -0.004 -13"><span class='ocrx_word' id='word_1_69' title='bbox 406 1089 620 1167; x_wconf 80' lang='grc' dir='ltr'><strong><em>ἕλικος</em></strong></span> <span class='ocrx_word' id='word_1_70' title='bbox 662 1086 775 1153; x_wconf 87' lang='grc' dir='ltr'><strong><em>καὶ</em></strong></span> <span class='ocrx_word' id='word_1_71' title='bbox 822 1089 940 1164; x_wconf 86' lang='grc' dir='ltr'><strong><em>τᾶς</em></strong></span> <span class='ocrx_word' id='word_1_72' title='bbox 985 1092 1049 1152; x_wconf 85' lang='lat' dir='ltr'><em>A</em></span> <span class='ocrx_word' id='word_1_73' title='bbox 1057 1091 1116 1152; x_wconf 83' lang='grc' dir='ltr'>Θ</span> <span class='ocrx_word' id='word_1_74' title='bbox 1161 1082 1494 1168; x_wconf 76' lang='grc' dir='ltr'><strong><em>εὐθείας].·</em></strong></span> 
     </span>
    </p>
   </div>
   <div class='ocr_carea' id='block_1_5' title="bbox 400 1307 2434 2456">
    <p class='ocr_par' dir='ltr' id='par_1_5' title="bbox 1355 1307 1485 1350">
     <span class='ocr_line' id='line_1_12' title="bbox 1355 1307 1485 1350; baseline 0 -1"><span class='ocrx_word' id='word_1_75' title='bbox 1355 1307 1437 1350; x_wconf 85' lang='grc' dir='ltr'><strong><em>κε</em></strong></span> <span class='ocrx_word' id='word_1_76' title='bbox 1469 1333 1485 1349; x_wconf 95' lang='grc'><strong><em>.</em></strong></span> 
     </span>
    </p>

    <p class='ocr_par' dir='ltr' id='par_1_6' title="bbox 400 1402 2434 2456">
     <span class='ocr_line' id='line_1_13' title="bbox 544 1402 2430 1495; baseline 0.001 -21"><span class='ocrx_word' id='word_1_77' title='bbox 544 1405 636 1476; x_wconf 83' lang='grc' dir='ltr'><strong><em>Τὸ</em></strong></span> <span class='ocrx_word' id='word_1_78' title='bbox 693 1405 1114 1494; x_wconf 73' lang='grc' dir='ltr'><strong><em>περιλαφθὲν</em></strong></span> <span class='ocrx_word' id='word_1_79' title='bbox 1168 1411 1421 1495; x_wconf 78' lang='grc' dir='ltr'><strong><em>χωρίον</em></strong></span> <span class='ocrx_word' id='word_1_80' title='bbox 1473 1402 1607 1473; x_wconf 82' lang='grc' dir='ltr'><strong><em>ὑπό</em></strong></span> <span class='ocrx_word' id='word_1_81' title='bbox 1654 1432 1726 1475; x_wconf 82' lang='grc' dir='ltr'><strong><em>τε</em></strong></span> <span class='ocrx_word' id='word_1_82' title='bbox 1768 1411 1888 1487; x_wconf 84' lang='grc' dir='ltr'><strong><em>τᾶς</em></strong></span> <span class='ocrx_word' id='word_1_83' title='bbox 1930 1404 2150 1488; x_wconf 77' lang='grc' dir='ltr'><strong><em>ἕλικος</em></strong></span> <span class='ocrx_word' id='word_1_84' title='bbox 2191 1410 2312 1488; x_wconf 77' lang='grc' dir='ltr'><strong><em>τᾶς</em></strong></span> <span class='ocrx_word' id='word_1_85' title='bbox 2357 1408 2430 1475; x_wconf 80' lang='grc' dir='ltr'><strong><em>ἐν</em></strong></span> 
     </span>
     <span class='ocr_line' id='line_1_14' title="bbox 403 1510 2434 1604; baseline -0.001 -21"><span class='ocrx_word' id='word_1_86' title='bbox 403 1519 485 1603; x_wconf 91' lang='grc' dir='ltr'><strong><em>τᾷ</em></strong></span> <span class='ocrx_word' id='word_1_87' title='bbox 551 1514 831 1604; x_wconf 76' lang='grc' dir='ltr'><strong><em>δευτέρᾳ</em></strong></span> <span class='ocrx_word' id='word_1_88' title='bbox 891 1517 1229 1602; x_wconf 77' lang='grc' dir='ltr'><strong><em>περιφορᾷ</em></strong></span> <span class='ocrx_word' id='word_1_89' title='bbox 1294 1515 1753 1602; x_wconf 84' lang='grc' dir='ltr'><strong><em>γεγραμμένας</em></strong></span> <span class='ocrx_word' id='word_1_90' title='bbox 1814 1514 1927 1581; x_wconf 86' lang='grc' dir='ltr'><strong><em>καὶ</em></strong></span> <span class='ocrx_word' id='word_1_91' title='bbox 1989 1518 2107 1594; x_wconf 85' lang='grc' dir='ltr'><strong><em>τᾶς</em></strong></span> <span class='ocrx_word' id='word_1_92' title='bbox 2161 1510 2434 1594; x_wconf 78' lang='grc' dir='ltr'><strong><em>εὐθείας</em></strong></span> 
     </span>
     <span class='ocr_line' id='line_1_15' title="bbox 402 1617 2430 1710; baseline 0 -22"><span class='ocrx_word' id='word_1_93' title='bbox 402 1624 523 1709; x_wconf 76' lang='grc' dir='ltr'><strong><em>τᾶς</em></strong></span> <span class='ocrx_word' id='word_1_94' title='bbox 566 1621 883 1710; x_wconf 80' lang='grc' dir='ltr'><strong><em>δευτέρας</em></strong></span> <span class='ocrx_word' id='word_1_95' title='bbox 924 1622 1053 1688; x_wconf 83' lang='grc' dir='ltr'><strong><em>τᾶν</em></strong></span> <span class='ocrx_word' id='word_1_96' title='bbox 1099 1621 1173 1688; x_wconf 84' lang='grc' dir='ltr'><strong><em>ἐν</em></strong></span> <span class='ocrx_word' id='word_1_97' title='bbox 1217 1624 1301 1710; x_wconf 92' lang='grc' dir='ltr'><strong><em>τᾷ</em></strong></span> <span class='ocrx_word' id='word_1_98' title='bbox 1350 1617 1522 1709; x_wconf 83' lang='grc' dir='ltr'><strong><em>ἆρχᾷ</em></strong></span> <span class='ocrx_word' id='word_1_99' title='bbox 1560 1625 1680 1702; x_wconf 72' lang='grc' dir='ltr'><strong><em>τοῖς</em></strong></span> <span class='ocrx_word' id='word_1_100' title='bbox 1714 1623 2086 1708; x_wconf 77' lang='grc' dir='ltr'><strong><em>περιφορᾶς</em></strong></span> <span class='ocrx_word' id='word_1_101' title='bbox 2121 1620 2272 1688; x_wconf 79' lang='grc' dir='ltr'><strong><em>ποτὶ</em></strong></span> <span class='ocrx_word' id='word_1_102' title='bbox 2307 1618 2430 1688; x_wconf 84' lang='grc' dir='ltr'><strong><em>τὸν</em></strong></span> 
     </span>
     <span class='ocr_line' id='line_1_16' title="bbox 406 1722 2429 1816; baseline -0 -21"><span class='ocrx_word' id='word_1_103' title='bbox 406 1726 725 1816; x_wconf 77' lang='grc' dir='ltr'><strong><em>δεύτερον</em></strong></span> <span class='ocrx_word' id='word_1_104' title='bbox 777 1725 1029 1795; x_wconf 81' lang='grc' dir='ltr'><strong><em>κύκλον</em></strong></span> <span class='ocrx_word' id='word_1_105' title='bbox 1083 1730 1329 1794; x_wconf 81' lang='grc' dir='ltr'><strong><em>τοῦτον</em></strong></span> <span class='ocrx_word' id='word_1_106' title='bbox 1387 1727 1518 1814; x_wconf 77' lang='grc' dir='ltr'><strong><em>ἔχει</em></strong></span> <span class='ocrx_word' id='word_1_107' title='bbox 1562 1724 1686 1794; x_wconf 89' lang='grc' dir='ltr'><strong><em>τὸν</em></strong></span> <span class='ocrx_word' id='word_1_108' title='bbox 1732 1725 1972 1814; x_wconf 88' lang='grc' dir='ltr'><strong><em>λόγον,</em></strong></span> <span class='ocrx_word' id='word_1_109' title='bbox 2044 1722 2126 1795; x_wconf 77' lang='grc' dir='ltr'><strong><em>ὃν</em></strong></span> <span class='ocrx_word' id='word_1_110' title='bbox 2173 1731 2304 1814; x_wconf 85' lang='grc' dir='ltr'><strong><em>ἔχει</em></strong></span> <span class='ocrx_word' id='word_1_111' title='bbox 2347 1725 2429 1794; x_wconf 75' lang='grc' dir='ltr'><strong><em>τὰ</em></strong></span> 
     </span>
     <span class='ocr_line' id='line_1_17' title="bbox 406 1828 2431 1925; baseline 0.001 -25"><span class='ocrx_word' id='word_1_112' title='bbox 406 1831 462 1915; x_wconf 81' lang='grc' dir='ltr'><strong><em>ζ’</em></strong></span> <span class='ocrx_word' id='word_1_113' title='bbox 508 1835 663 1902; x_wconf 80' lang='grc' dir='ltr'><strong><em>ποτὶ</em></strong></span> <span class='ocrx_word' id='word_1_114' title='bbox 705 1830 788 1900; x_wconf 75' lang='grc' dir='ltr'><strong><em>τὰ</em></strong></span> <span class='ocrx_word' id='word_1_115' title='bbox 834 1832 955 1919; x_wconf 83' lang='grc' dir='ltr'><strong><em>ιβ’,</em></strong></span> <span class='ocrx_word' id='word_1_116' title='bbox 1003 1831 1079 1913; x_wconf 78' lang='grc' dir='ltr'><strong><em>ὅς</em></strong></span> <span class='ocrx_word' id='word_1_117' title='bbox 1124 1834 1304 1900; x_wconf 79' lang='grc' dir='ltr'><strong><em>ἐστιν</em></strong></span> <span class='ocrx_word' id='word_1_118' title='bbox 1353 1829 1390 1900; x_wconf 88' lang='lat'><em>6</em></span> <span class='ocrx_word' id='word_1_119' title='bbox 1437 1829 1642 1912; x_wconf 80' lang='grc' dir='ltr'><strong><em>αὐτὸς</em></strong></span> <span class='ocrx_word' id='word_1_120' title='bbox 1686 1836 1803 1925; x_wconf 76' lang='grc' dir='ltr'><strong><em>τῷ,</em></strong></span> <span class='ocrx_word' id='word_1_121' title='bbox 1850 1828 1934 1902; x_wconf 80' lang='grc' dir='ltr'><strong><em>ὃν</em></strong></span> <span class='ocrx_word' id='word_1_122' title='bbox 1979 1837 2110 1920; x_wconf 83' lang='grc' dir='ltr'><strong><em>ἔχει</em></strong></span> <span class='ocrx_word' id='word_1_123' title='bbox 2156 1832 2236 1900; x_wconf 72' lang='grc' dir='ltr'><strong><em>τὰ</em></strong></span> <span class='ocrx_word' id='word_1_124' title='bbox 2273 1851 2431 1902; x_wconf 84' lang='grc' dir='ltr'><strong><em>συν-</em></strong></span> 
     </span>
     <span class='ocr_line' id='line_1_18' title="bbox 404 1934 2432 2030; baseline 0.002 -24"><span class='ocrx_word' id='word_1_125' title='bbox 404 1939 753 2029; x_wconf 85' lang='grc' dir='ltr'><strong><em>αμφότερα</em></strong></span> <span class='ocrx_word' id='word_1_126' title='bbox 796 1940 873 2007; x_wconf 90' lang='grc' dir='ltr'><strong><em>τό</em></strong></span> <span class='ocrx_word' id='word_1_127' title='bbox 919 1965 988 2007; x_wconf 88' lang='grc' dir='ltr'><strong><em>τε</em></strong></span> <span class='ocrx_word' id='word_1_128' title='bbox 1042 1937 1520 2028; x_wconf 84' lang='grc' dir='ltr'><strong><em>περιεχόμενον</em></strong></span> <span class='ocrx_word' id='word_1_129' title='bbox 1557 1934 1688 2006; x_wconf 82' lang='grc' dir='ltr'><strong><em>ὑπὸ</em></strong></span> <span class='ocrx_word' id='word_1_130' title='bbox 1725 1942 1844 2019; x_wconf 81' lang='grc' dir='ltr'><strong><em>τᾶς</em></strong></span> <span class='ocrx_word' id='word_1_131' title='bbox 1881 1939 1953 2007; x_wconf 79' lang='grc' dir='ltr'><strong><em>ἐκ</em></strong></span> <span class='ocrx_word' id='word_1_132' title='bbox 1988 1945 2110 2008; x_wconf 83' lang='grc' dir='ltr'><strong><em>τοῦ</em></strong></span> <span class='ocrx_word' id='word_1_133' title='bbox 2148 1942 2432 2030; x_wconf 79' lang='grc' dir='ltr'><strong><em>κέντρου</em></strong></span> 
     </span>
     <span class='ocr_line' id='line_1_19' title="bbox 403 2044 2432 2136; baseline 0.001 -22"><span class='ocrx_word' id='word_1_134' title='bbox 403 2051 527 2114; x_wconf 82' lang='grc' dir='ltr'><strong><em>τοῦ</em></strong></span> <span class='ocrx_word' id='word_1_135' title='bbox 594 2047 913 2132; x_wconf 77' lang='grc' dir='ltr'><strong><em>δευτέρον</em></strong></span> <span class='ocrx_word' id='word_1_136' title='bbox 976 2044 1233 2112; x_wconf 83' lang='grc' dir='ltr'><strong><em>κύκλον</em></strong></span> <span class='ocrx_word' id='word_1_137' title='bbox 1295 2044 1410 2111; x_wconf 83' lang='grc' dir='ltr'><strong><em>καὶ</em></strong></span> <span class='ocrx_word' id='word_1_138' title='bbox 1472 2049 1591 2125; x_wconf 80' lang='grc' dir='ltr'><strong><em>τᾶς</em></strong></span> <span class='ocrx_word' id='word_1_139' title='bbox 1652 2048 1725 2114; x_wconf 77' lang='grc' dir='ltr'><strong><em>ἐκ</em></strong></span> <span class='ocrx_word' id='word_1_140' title='bbox 1784 2049 1910 2115; x_wconf 82' lang='grc' dir='ltr'><strong><em>τοῦ</em></strong></span> <span class='ocrx_word' id='word_1_141' title='bbox 1966 2048 2250 2136; x_wconf 79' lang='grc' dir='ltr'><strong><em>κέντρου</em></strong></span> <span class='ocrx_word' id='word_1_142' title='bbox 2305 2053 2432 2117; x_wconf 80' lang='grc' dir='ltr'><strong><em>τοῦ</em></strong></span> 
     </span>
     <span class='ocr_line' id='line_1_20' title="bbox 402 2149 2432 2243; baseline 0.002 -24"><span class='ocrx_word' id='word_1_143' title='bbox 402 2152 672 2240; x_wconf 70' lang='grc' dir='ltr'><strong><em>πρώτου</em></strong></span> <span class='ocrx_word' id='word_1_144' title='bbox 724 2151 977 2220; x_wconf 82' lang='grc' dir='ltr'><strong><em>κύκλου</em></strong></span> <span class='ocrx_word' id='word_1_145' title='bbox 1030 2150 1141 2218; x_wconf 82' lang='grc' dir='ltr'><strong><em>καὶ</em></strong></span> <span class='ocrx_word' id='word_1_146' title='bbox 1196 2149 1271 2219; x_wconf 88' lang='grc' dir='ltr'><strong><em>τὸ</em></strong></span> <span class='ocrx_word' id='word_1_147' title='bbox 1318 2155 1550 2237; x_wconf 90' lang='grc' dir='ltr'><strong><em>τρίτον</em></strong></span> <span class='ocrx_word' id='word_1_148' title='bbox 1596 2153 1796 2242; x_wconf 81' lang='grc' dir='ltr'><strong><em>μέρος</em></strong></span> <span class='ocrx_word' id='word_1_149' title='bbox 1838 2156 1962 2221; x_wconf 81' lang='grc' dir='ltr'><strong><em>τοῦ</em></strong></span> <span class='ocrx_word' id='word_1_150' title='bbox 2004 2154 2432 2243; x_wconf 73' lang='grc' dir='ltr'><strong><em>τετραγώνου</em></strong></span> 
     </span>
     <span class='ocr_line' id='line_1_21' title="bbox 400 2249 2431 2349; baseline 0.001 -23"><span class='ocrx_word' id='word_1_151' title='bbox 400 2263 524 2327; x_wconf 85' lang='grc' dir='ltr'><strong><em>τοῦ</em></strong></span> <span class='ocrx_word' id='word_1_152' title='bbox 580 2254 712 2326; x_wconf 79' lang='grc' dir='ltr'><strong><em>ἀπὸ</em></strong></span> <span class='ocrx_word' id='word_1_153' title='bbox 758 2261 879 2337; x_wconf 82' lang='grc' dir='ltr'><strong><em>τᾶς</em></strong></span> <span class='ocrx_word' id='word_1_154' title='bbox 920 2255 1275 2346; x_wconf 80' lang='grc' dir='ltr'><strong><em>ὑπεροχᾶς,</em></strong></span> <span class='ocrx_word' id='word_1_155' title='bbox 1322 2249 1377 2348; x_wconf 75' lang='grc' dir='ltr'><em>ᾇ</em></span> <span class='ocrx_word' id='word_1_156' title='bbox 1421 2256 1726 2348; x_wconf 82' lang='grc' dir='ltr'><strong><em>ὑπερέχει</em></strong></span> <span class='ocrx_word' id='word_1_157' title='bbox 1773 2257 1815 2326; x_wconf 82' lang='grc' dir='ltr'><strong><em>ἆ</em></strong></span> <span class='ocrx_word' id='word_1_158' title='bbox 1863 2262 1936 2328; x_wconf 80' lang='grc' dir='ltr'><strong><em>ἐκ</em></strong></span> <span class='ocrx_word' id='word_1_159' title='bbox 1977 2265 2103 2329; x_wconf 81' lang='grc' dir='ltr'><strong><em>τοῦ</em></strong></span> <span class='ocrx_word' id='word_1_160' title='bbox 2146 2261 2431 2349; x_wconf 80' lang='grc' dir='ltr'><strong><em>κέντρου</em></strong></span> 
     </span>
     <span class='ocr_line' id='line_1_22' title="bbox 401 2362 2431 2456; baseline 0.001 -23"><span class='ocrx_word' id='word_1_161' title='bbox 401 2369 525 2433; x_wconf 80' lang='grc' dir='ltr'><strong><em>τοῦ</em></strong></span> <span class='ocrx_word' id='word_1_162' title='bbox 573 2365 891 2447; x_wconf 80' lang='grc' dir='ltr'><strong><em>δευτέρου</em></strong></span> <span class='ocrx_word' id='word_1_163' title='bbox 934 2362 1189 2432; x_wconf 81' lang='grc' dir='ltr'><strong><em>κύκλου</em></strong></span> <span class='ocrx_word' id='word_1_164' title='bbox 1232 2367 1352 2444; x_wconf 83' lang='grc' dir='ltr'><strong><em>τᾶς</em></strong></span> <span class='ocrx_word' id='word_1_165' title='bbox 1396 2366 1468 2432; x_wconf 80' lang='grc' dir='ltr'><strong><em>ἐκ</em></strong></span> <span class='ocrx_word' id='word_1_166' title='bbox 1511 2369 1636 2433; x_wconf 84' lang='grc' dir='ltr'><strong><em>τοῦ</em></strong></span> <span class='ocrx_word' id='word_1_167' title='bbox 1679 2367 1964 2456; x_wconf 82' lang='grc' dir='ltr'><strong><em>κέντρου</em></strong></span> <span class='ocrx_word' id='word_1_168' title='bbox 1998 2371 2120 2435; x_wconf 85' lang='grc' dir='ltr'><strong><em>τοῦ</em></strong></span> <span class='ocrx_word' id='word_1_169' title='bbox 2157 2366 2431 2454; x_wconf 73' lang='grc' dir='ltr'><strong><em>πρώτου</em></strong></span> 
     </span>
    </p>
   </div>
   <div class='ocr_carea' id='block_1_6' title="bbox 331 2468 2433 2559">
    <p class='ocr_par' dir='ltr' id='par_1_7' title="bbox 331 2468 2433 2559">
     <span class='ocr_line' id='line_1_23' title="bbox 331 2468 2433 2559; baseline 0.001 -20"><span class='ocrx_word' id='word_1_170' title='bbox 331 2479 366 2528; x_wconf 88' lang='lat'>0</span> <span class='ocrx_word' id='word_1_171' title='bbox 401 2470 656 2540; x_wconf 81' lang='grc' dir='ltr'><strong><em>κύκλου</em></strong></span> <span class='ocrx_word' id='word_1_172' title='bbox 708 2469 863 2538; x_wconf 80' lang='grc' dir='ltr'><strong><em>ποτὶ</em></strong></span> <span class='ocrx_word' id='word_1_173' title='bbox 915 2468 993 2538; x_wconf 86' lang='grc' dir='ltr'><strong><em>τὸ</em></strong></span> <span class='ocrx_word' id='word_1_174' title='bbox 1047 2469 1472 2559; x_wconf 81' lang='grc' dir='ltr'><strong><em>τετράγωνον</em></strong></span> <span class='ocrx_word' id='word_1_175' title='bbox 1524 2469 1600 2539; x_wconf 88' lang='grc' dir='ltr'><strong><em>τὸ</em></strong></span> <span class='ocrx_word' id='word_1_176' title='bbox 1658 2469 1788 2540; x_wconf 82' lang='grc' dir='ltr'><strong><em>ἀπὸ</em></strong></span> <span class='ocrx_word' id='word_1_177' title='bbox 1844 2475 1964 2552; x_wconf 79' lang='grc' dir='ltr'><strong><em>τᾶς</em></strong></span> <span class='ocrx_word' id='word_1_178' title='bbox 2000 2475 2071 2540; x_wconf 79' lang='grc' dir='ltr'><strong><em>ἐκ</em></strong></span> <span class='ocrx_word' id='word_1_179' title='bbox 2117 2477 2239 2542; x_wconf 85' lang='grc' dir='ltr'><strong><em>τοῦ</em></strong></span> <span class='ocrx_word' id='word_1_180' title='bbox 2281 2475 2433 2542; x_wconf 84' lang='grc' dir='ltr'><strong><em>κε’ν-</em></strong></span> 
     </span>
    </p>
   </div>
   <div class='ocr_carea' id='block_1_7' title="bbox 294 3013 363 3063">
    <p class='ocr_par' dir='ltr' id='par_1_8' title="bbox 294 3013 363 3063">
     <span class='ocr_line' id='line_1_24' title="bbox 294 3013 363 3063; baseline -0.014 0"><span class='ocrx_word' id='word_1_181' title='bbox 294 3013 363 3063; x_wconf 82' lang='grc'><strong><em>25</em></strong></span> 
     </span>
    </p>
   </div>
   <div class='ocr_carea' id='block_1_8' title="bbox 398 2577 2438 3413">
    <p class='ocr_par' dir='ltr' id='par_1_9' title="bbox 400 2577 1413 2667">
     <span class='ocr_line' id='line_1_25' title="bbox 400 2577 1413 2667; baseline 0 -23"><span class='ocrx_word' id='word_1_182' title='bbox 400 2603 567 2667; x_wconf 85' lang='grc' dir='ltr'><strong><em>τρου</em></strong></span> <span class='ocrx_word' id='word_1_183' title='bbox 609 2582 733 2645; x_wconf 84' lang='grc' dir='ltr'><strong><em>τοῦ</em></strong></span> <span class='ocrx_word' id='word_1_184' title='bbox 780 2578 1099 2666; x_wconf 81' lang='grc' dir='ltr'><strong><em>δευτέρου</em></strong></span> <span class='ocrx_word' id='word_1_185' title='bbox 1141 2577 1413 2646; x_wconf 85' lang='grc' dir='ltr'><strong><em>κύκλου.</em></strong></span> 
     </span>
    </p>

    <p class='ocr_par' dir='ltr' id='par_1_10' title="bbox 398 2675 2438 3413">
     <span class='ocr_line' id='line_1_26' title="bbox 534 2675 2430 2778; baseline 0.003 -27"><span class='ocrx_word' id='word_1_186' title='bbox 534 2689 701 2753; x_wconf 81' lang='grc' dir='ltr'><strong><em>ε”στω</em></strong></span> <span class='ocrx_word' id='word_1_187' title='bbox 740 2684 898 2769; x_wconf 78' lang='grc' dir='ltr'><strong><em>ἕλιξ,</em></strong></span> <span class='ocrx_word' id='word_1_188' title='bbox 944 2681 1053 2770; x_wconf 79' lang='grc' dir='ltr'><strong><em>ἐφ’</em></strong></span> <span class='ocrx_word' id='word_1_189' title='bbox 1086 2675 1167 2764; x_wconf 79' lang='grc' dir='ltr'><strong><em>ἇς</em></strong></span> <span class='ocrx_word' id='word_1_190' title='bbox 1203 2681 1247 2752; x_wconf 79' lang='grc' dir='ltr'><em>ἆ</em></span> <span class='ocrx_word' id='word_1_191' title='bbox 1284 2691 1654 2772; x_wconf 84' lang='grc' dir='ltr'><em>ΑΒΓΔΕ,</em></span> <span class='ocrx_word' id='word_1_192' title='bbox 1701 2687 1776 2754; x_wconf 81' lang='grc' dir='ltr'><strong><em>ἐν</em></strong></span> <span class='ocrx_word' id='word_1_193' title='bbox 1812 2690 1892 2774; x_wconf 85' lang='grc' dir='ltr'><strong><em>τᾷ</em></strong></span> <span class='ocrx_word' id='word_1_194' title='bbox 1933 2688 2212 2778; x_wconf 77' lang='grc' dir='ltr'><strong><em>δευτέρᾳ</em></strong></span> <span class='ocrx_word' id='word_1_195' title='bbox 2246 2709 2430 2777; x_wconf 88' lang='grc' dir='ltr'><strong><em>περι-</em></strong></span> 
     </span>
     <span class='ocr_line' id='line_1_27' title="bbox 402 2789 2430 2882; baseline 0 -21"><span class='ocrx_word' id='word_1_196' title='bbox 402 2797 584 2882; x_wconf 87' lang='grc' dir='ltr'><strong><em>φορᾷ</em></strong></span> <span class='ocrx_word' id='word_1_197' title='bbox 638 2791 1081 2880; x_wconf 83' lang='grc' dir='ltr'><strong><em>γεγραμμένα.</em></strong></span> <span class='ocrx_word' id='word_1_198' title='bbox 1174 2795 1340 2858; x_wconf 77' lang='grc' dir='ltr'><strong><em>ἔστω</em></strong></span> <span class='ocrx_word' id='word_1_199' title='bbox 1398 2790 1474 2859; x_wconf 72' lang='grc' dir='ltr'><strong><em>δὲ</em></strong></span> <span class='ocrx_word' id='word_1_200' title='bbox 1530 2789 1608 2860; x_wconf 86' lang='grc' dir='ltr'><strong><em>τὸ</em></strong></span> <span class='ocrx_word' id='word_1_201' title='bbox 1653 2791 1781 2878; x_wconf 74' lang='grc' dir='ltr'><strong><em>μὲν</em></strong></span> <span class='ocrx_word' id='word_1_202' title='bbox 1827 2799 1886 2860; x_wconf 83' lang='grc' dir='ltr'>Θ</span> <span class='ocrx_word' id='word_1_203' title='bbox 1929 2807 2209 2880; x_wconf 81' lang='grc' dir='ltr'><strong><em>σαμεῑον</em></strong></span> <span class='ocrx_word' id='word_1_204' title='bbox 2255 2791 2430 2882; x_wconf 77' lang='grc' dir='ltr'><strong><em>ἀρχὰ</em></strong></span> 
     </span>
     <span class='ocr_line' id='line_1_28' title="bbox 400 2893 2429 2989; baseline 0.001 -24"><span class='ocrx_word' id='word_1_205' title='bbox 400 2901 518 2978; x_wconf 83' lang='grc' dir='ltr'><strong><em>τᾷς</em></strong></span> <span class='ocrx_word' id='word_1_206' title='bbox 574 2899 819 2983; x_wconf 81' lang='grc' dir='ltr'><strong><em>ἕλικος,</em></strong></span> <span class='ocrx_word' id='word_1_207' title='bbox 882 2893 927 2965; x_wconf 81' lang='grc' dir='ltr'>ἁ</span> <span class='ocrx_word' id='word_1_208' title='bbox 984 2895 1061 2965; x_wconf 72' lang='grc' dir='ltr'><strong><em>δὲ</em></strong></span> <span class='ocrx_word' id='word_1_209' title='bbox 1114 2904 1246 2965; x_wconf 81' lang='grc' dir='ltr'><strong><em>ΘΕ</em></strong></span> <span class='ocrx_word' id='word_1_210' title='bbox 1295 2895 1534 2964; x_wconf 78' lang='grc' dir='ltr'><strong><em>εὐθεῖα</em></strong></span> <span class='ocrx_word' id='word_1_211' title='bbox 1591 2900 1664 2965; x_wconf 81' lang='grc' dir='ltr'><strong><em>ἐν</em></strong></span> <span class='ocrx_word' id='word_1_212' title='bbox 1717 2903 1801 2987; x_wconf 89' lang='grc' dir='ltr'><strong><em>τᾷ</em></strong></span> <span class='ocrx_word' id='word_1_213' title='bbox 1858 2896 2029 2987; x_wconf 83' lang='grc' dir='ltr'><strong><em>ἀρχᾷ</em></strong></span> <span class='ocrx_word' id='word_1_214' title='bbox 2085 2904 2204 2979; x_wconf 83' lang='grc' dir='ltr'><strong><em>τᾶς</em></strong></span> <span class='ocrx_word' id='word_1_215' title='bbox 2246 2924 2429 2989; x_wconf 86' lang='grc' dir='ltr'><strong><em>περι-</em></strong></span> 
     </span>
     <span class='ocr_line' id='line_1_29' title="bbox 403 2999 2431 3096; baseline 0.001 -25"><span class='ocrx_word' id='word_1_216' title='bbox 403 3007 623 3092; x_wconf 81' lang='grc' dir='ltr'><strong><em>φορᾶς</em></strong></span> <span class='ocrx_word' id='word_1_217' title='bbox 665 3000 708 3070; x_wconf 75' lang='grc' dir='ltr'><em>ἁ</em></span> <span class='ocrx_word' id='word_1_218' title='bbox 754 3002 1007 3092; x_wconf 74' lang='grc' dir='ltr'><strong><em>πρώτα,</em></strong></span> <span class='ocrx_word' id='word_1_219' title='bbox 1054 2999 1097 3069; x_wconf 76' lang='grc' dir='ltr'>ἁ</span> <span class='ocrx_word' id='word_1_220' title='bbox 1144 3001 1221 3070; x_wconf 74' lang='grc' dir='ltr'><strong><em>δὲ</em></strong></span> <span class='ocrx_word' id='word_1_221' title='bbox 1248 3010 1314 3068; x_wconf 85' lang='grc' dir='ltr'><em>Α</em></span> <span class='ocrx_word' id='word_1_222' title='bbox 1322 3009 1388 3070; x_wconf 90' lang='grc' dir='ltr'><em>Ε</em></span> <span class='ocrx_word' id='word_1_223' title='bbox 1429 3005 1503 3070; x_wconf 83' lang='grc' dir='ltr'><strong><em>ἐν</em></strong></span> <span class='ocrx_word' id='word_1_224' title='bbox 1547 3007 1630 3091; x_wconf 90' lang='grc' dir='ltr'><strong><em>τᾷ</em></strong></span> <span class='ocrx_word' id='word_1_225' title='bbox 1677 3001 1850 3094; x_wconf 76' lang='grc' dir='ltr'><strong><em>ἀρχᾷ</em></strong></span> <span class='ocrx_word' id='word_1_226' title='bbox 1895 3009 2016 3086; x_wconf 80' lang='grc' dir='ltr'><strong><em>τᾶς</em></strong></span> <span class='ocrx_word' id='word_1_227' title='bbox 2056 3010 2431 3096; x_wconf 81' lang='grc' dir='ltr'><strong><em>περιφορᾶς</em></strong></span> 
     </span>
     <span class='ocr_line' id='line_1_30' title="bbox 400 3105 2428 3201; baseline 0.002 -24"><span class='ocrx_word' id='word_1_228' title='bbox 400 3107 443 3177; x_wconf 82' lang='grc' dir='ltr'><em>ἆ</em></span> <span class='ocrx_word' id='word_1_229' title='bbox 493 3109 799 3196; x_wconf 79' lang='grc' dir='ltr'><strong><em>δευτέρα,</em></strong></span> <span class='ocrx_word' id='word_1_230' title='bbox 865 3105 902 3176; x_wconf 87' lang='lat'><em>6</em></span> <span class='ocrx_word' id='word_1_231' title='bbox 961 3107 1038 3176; x_wconf 70' lang='grc' dir='ltr'><strong><em>δὲ</em></strong></span> <span class='ocrx_word' id='word_1_232' title='bbox 1090 3107 1336 3188; x_wconf 82' lang='grc' dir='ltr'><strong><em>κύκλος</em></strong></span> <span class='ocrx_word' id='word_1_233' title='bbox 1392 3105 1428 3176; x_wconf 88' lang='lat'><em>6</em></span> <span class='ocrx_word' id='word_1_234' title='bbox 1477 3115 1740 3178; x_wconf 91' lang='lat' dir='ltr'><em>AZHI</em></span> <span class='ocrx_word' id='word_1_235' title='bbox 1793 3107 1829 3180; x_wconf 91' lang='lat'><em>6</em></span> <span class='ocrx_word' id='word_1_236' title='bbox 1879 3111 2192 3201; x_wconf 79' lang='grc' dir='ltr'><strong><em>δεύτερος</em></strong></span> <span class='ocrx_word' id='word_1_237' title='bbox 2236 3118 2428 3201; x_wconf 80' lang='grc' dir='ltr'><strong><em>ἔστω,</em></strong></span> 
     </span>
     <span class='ocr_line' id='line_1_31' title="bbox 398 3213 2432 3307; baseline 0.003 -24"><span class='ocrx_word' id='word_1_238' title='bbox 398 3215 511 3284; x_wconf 87' lang='grc' dir='ltr'><strong><em>καὶ</em></strong></span> <span class='ocrx_word' id='word_1_239' title='bbox 550 3218 625 3282; x_wconf 73' lang='grc' dir='ltr'><strong><em>αἱ</em></strong></span> <span class='ocrx_word' id='word_1_240' title='bbox 657 3223 723 3281; x_wconf 85' lang='grc' dir='ltr'><em>Α</em></span> <span class='ocrx_word' id='word_1_241' title='bbox 733 3221 832 3299; x_wconf 89' lang='grc' dir='ltr'><strong><em>Η,</em></strong></span> <span class='ocrx_word' id='word_1_242' title='bbox 878 3219 926 3280; x_wconf 92' lang='grc' dir='ltr'><strong><em>Ι</em></strong></span> <span class='ocrx_word' id='word_1_243' title='bbox 930 3221 987 3282; x_wconf 92' lang='grc' dir='ltr'>Ζ</span> <span class='ocrx_word' id='word_1_244' title='bbox 1029 3216 1375 3304; x_wconf 75' lang='grc' dir='ltr'><strong><em>διαμέτροι</em></strong></span> <span class='ocrx_word' id='word_1_245' title='bbox 1411 3213 1561 3284; x_wconf 84' lang='grc' dir='ltr'><strong><em>ποτ’</em></strong></span> <span class='ocrx_word' id='word_1_246' title='bbox 1605 3213 1827 3307; x_wconf 79' lang='grc' dir='ltr'><strong><em>ὀρθὰς</em></strong></span> <span class='ocrx_word' id='word_1_247' title='bbox 1863 3215 2197 3300; x_wconf 77' lang='grc' dir='ltr'><strong><em>ἄλλάλαις.</em></strong></span> <span class='ocrx_word' id='word_1_248' title='bbox 2257 3224 2432 3288; x_wconf 79' lang='grc' dir='ltr'><strong><em>δεικ-</em></strong></span> 
     </span>
     <span class='ocr_line' id='line_1_32' title="bbox 398 3317 2438 3413; baseline 0.002 -24"><span class='ocrx_word' id='word_1_249' title='bbox 398 3323 575 3405; x_wconf 83' lang='grc' dir='ltr'><strong><em>τέον,</em></strong></span> <span class='ocrx_word' id='word_1_250' title='bbox 614 3319 717 3389; x_wconf 83' lang='grc' dir='ltr'><strong><em>ὅτι</em></strong></span> <span class='ocrx_word' id='word_1_251' title='bbox 752 3317 830 3388; x_wconf 89' lang='grc' dir='ltr'><strong><em>τὸ</em></strong></span> <span class='ocrx_word' id='word_1_252' title='bbox 860 3320 1337 3409; x_wconf 82' lang='grc' dir='ltr'><strong><em>περιεχόμενον</em></strong></span> <span class='ocrx_word' id='word_1_253' title='bbox 1375 3329 1629 3413; x_wconf 90' lang='grc' dir='ltr'><strong><em>χωρίον</em></strong></span> <span class='ocrx_word' id='word_1_254' title='bbox 1664 3321 1800 3394; x_wconf 79' lang='grc' dir='ltr'><strong><em>ὑπό</em></strong></span> <span class='ocrx_word' id='word_1_255' title='bbox 1837 3351 1906 3394; x_wconf 86' lang='grc' dir='ltr'><strong><em>τε</em></strong></span> <span class='ocrx_word' id='word_1_256' title='bbox 1942 3329 2063 3407; x_wconf 79' lang='grc' dir='ltr'><strong><em>τᾶς</em></strong></span> <span class='ocrx_word' id='word_1_257' title='bbox 2088 3333 2438 3395; x_wconf 87' lang='grc' dir='ltr'><em>ΑΒΓΔΕ</em></span> 
     </span>
    </p>
   </div>
   <div class='ocr_carea' id='block_1_9' title="bbox 396 3441 825 3451">
    <p class='ocr_par' dir='ltr' id='par_1_11' title="bbox 396 3441 825 3451">
     <span class='ocr_line' id='line_1_33' title="bbox 396 3441 825 3451; baseline 0 516"><span class='ocrx_word' id='word_1_258' title='bbox 396 3441 825 3451; x_wconf 95' lang='lat' dir='ltr'><strong><em> </em></strong></span> 
     </span>
    </p>
   </div>
   <div class='ocr_carea' id='block_1_10' title="bbox 394 3479 2429 3626">
    <p class='ocr_par' dir='ltr' id='par_1_12' title="bbox 394 3479 2429 3626">
     <span class='ocr_line' id='line_1_34' title="bbox 542 3479 2429 3554; baseline 0.003 -18"><span class='ocrx_word' id='word_1_259' title='bbox 542 3487 592 3536; x_wconf 85' lang='grc'><strong><em>6.</em></strong></span> <span class='ocrx_word' id='word_1_260' title='bbox 633 3486 731 3537; x_wconf 87' lang='grc' dir='ltr'><strong><em>ΑΒ</em></strong></span> <span class='ocrx_word' id='word_1_261' title='bbox 746 3482 923 3536; x_wconf 81' lang='grc' dir='ltr'><strong><em>ΗΕΘ</em></strong></span> <span class='ocrx_word' id='word_1_262' title='bbox 959 3479 1019 3536; x_wconf 75' lang='lat' dir='ltr'><strong><em>F.</em></strong></span> <span class='ocrx_word' id='word_1_263' title='bbox 1169 3487 1215 3536; x_wconf 77' lang='lat'><strong><em>7.</em></strong></span> <span class='ocrx_word' id='word_1_264' title='bbox 1258 3482 1377 3544; x_wconf 77' lang='grc' dir='ltr'><strong><em>ἴσος</em></strong></span> <span class='ocrx_word' id='word_1_265' title='bbox 1413 3482 1714 3550; x_wconf 57' lang='lat' dir='ltr'><strong>Tol-ellium</strong></span> <span class='ocrx_word' id='word_1_266' title='bbox 1753 3485 1852 3540; x_wconf 77' lang='lat' dir='ltr'><strong><em>sed</em></strong></span> <span class='ocrx_word' id='word_1_267' title='bbox 1889 3485 1960 3539; x_wconf 81' lang='lat' dir='ltr'><strong><em>de</em></strong></span> <span class='ocrx_word' id='word_1_268' title='bbox 1997 3485 2184 3554; x_wconf 72' lang='lat' dir='ltr'><strong>spatio</strong></span> <span class='ocrx_word' id='word_1_269' title='bbox 2299 3485 2429 3554; x_wconf 73' lang='grc' dir='ltr'><strong><em>Ἱῖιιτ,</em></strong></span> 
     </span>
     <span class='ocr_line' id='line_1_35' title="bbox 394 3551 2429 3626; baseline 0.003 -20"><span class='ocrx_word' id='word_1_270' title='bbox 394 3568 511 3607; x_wconf 87' lang='lat' dir='ltr'><strong><em>non</em></strong></span> <span class='ocrx_word' id='word_1_271' title='bbox 556 3553 627 3608; x_wconf 82' lang='lat' dir='ltr'><strong><em>de</em></strong></span> <span class='ocrx_word' id='word_1_272' title='bbox 672 3553 881 3610; x_wconf 82' lang='lat' dir='ltr'>circulo</span> <span class='ocrx_word' id='word_1_273' title='bbox 894 3554 922 3624; x_wconf 72' lang='lat'><strong><em>3}</em></strong></span> <span class='ocrx_word' id='word_1_274' title='bbox 966 3567 1141 3622; x_wconf 74' lang='lat' dir='ltr'><strong>quare</strong></span> <span class='ocrx_word' id='word_1_275' title='bbox 1175 3551 1535 3608; x_wconf 77' lang='lat' dir='ltr'><strong>retinendum</strong></span> <span class='ocrx_word' id='word_1_276' title='bbox 1582 3557 1704 3610; x_wconf 74' lang='grc' dir='ltr'><strong><em>ἴσον</em></strong></span> <span class='ocrx_word' id='word_1_277' title='bbox 1741 3556 1944 3626; x_wconf 76' lang='lat' dir='ltr'><strong>(comp.</strong></span> <span class='ocrx_word' id='word_1_278' title='bbox 1984 3555 2048 3626; x_wconf 89' lang='lat' dir='ltr'><strong><em>F)</em></strong></span> <span class='ocrx_word' id='word_1_279' title='bbox 2089 3557 2148 3610; x_wconf 75' lang='lat' dir='ltr'><strong><em>et</em></strong></span> <span class='ocrx_word' id='word_1_280' title='bbox 2183 3555 2254 3611; x_wconf 75' lang='lat' dir='ltr'><strong><em>de</em></strong></span> <span class='ocrx_word' id='word_1_281' title='bbox 2277 3556 2429 3612; x_wconf 79' lang='lat' dir='ltr'><strong>enda.</strong></span> 
     </span>
    </p>
   </div>
  </div>
 </body>
</html>
