2659 3967
402 178 490 249 66
1159 185 1337 237 ΠΕΡΙ
1373 183 1669 240 mnam.

397 329 520 407 τᾶς
564 322 746 415 ἆφᾶς
791 326 904 394 καὶ
950 330 1067 405 τοῖς
1111 326 1635 406 ποτιπιπτούσας
1679 328 2066 416 περιφέρεια
2109 325 2263 395 ποτὶ
2306 324 2441 395 τὰν

401 436 734 501 δοθεῖσαν
778 433 1227 522 περιφέρειαν.
1317 433 1757 502 ποτιπιπτέτω
1804 431 1891 520 δὴ
1940 429 1985 500 ἆ
2029 440 2162 501 ΑΙ.
2252 445 2445 519 τεμεῖ

401 536 486 625 δὴ
533 537 704 607 αὐτὰ
749 540 877 609 τὰν
923 539 1047 628 μὲν
1093 540 1277 608 ἕλικα
1321 538 1488 607 κατὰ
1533 538 1611 609 τὸ
1639 547 1724 627 Λ,
1768 537 1895 608 τὰν
1943 536 2019 607 δὲ
2030 542 2186 606 ’τοῦ
2217 546 2285 605 Δ
2293 545 2373 607 Ν
2382 544 2447 606 Τ

398 646 832 735 περιφέρειαν
886 647 1140 716 κύκλου
1191 646 1359 714 κατὰ
1413 645 1489 715 τὸ
1538 653 1607 714 Ρ.
1680 646 1793 714 καὶ
1840 647 2035 734 ἐχέτω
2083 642 2128 712 ἆ
2174 652 2283 713 ΡΙ
2324 642 2436 713 εύ-

327 769 365 818 5
401 761 560 821 θεῖα
607 753 759 823 ποτὶ
805 750 930 822 τὰν
958 762 1023 822 Α
1033 760 1094 820 Ρ
1131 752 1467 822 ἐλάσσονα
1509 752 1718 839 λόγον
1754 757 1901 839 τοῦ,
1950 749 2033 821 ὃν
2062 756 2193 840 ἔχει
2231 748 2274 819 ἆ
2305 760 2372 819 Δ
2384 758 2447 818 Ρ

398 861 790 948 περιφέρεια
835 861 986 929 ποτὶ
1029 859 1159 928 τὰν
1188 866 1343 927 ΛΝ
1353 866 1413 926 Τ
1450 860 1897 948 περιφέρειαν.
1969 860 2081 927 καὶ
2128 856 2255 927 ὅλα
2298 856 2436 946 ἄρα

401 960 444 1031 ἆ
471 970 519 1031 I
527 973 608 1031 Α·
636 964 788 1031 ποτὶ
833 962 960 1033 τάν
989 971 1123 1032 ΑΡ
1162 964 1495 1033 ἐλάσσονα
1542 963 1751 1051 λόγον
1796 969 1951 1052 ἔχει,
1998 961 2041 1052 ἢ
2089 961 2133 1032 ἆ
2161 970 2370 1032 ΡΛΝ
2382 971 2445 1031 Τ

396 1071 788 1159 περιφέρεια
833 1070 984 1137 ποτὶ
1029 1068 1155 1137 τὰν
1204 1078 1358 1138 ΛΝ
1367 1077 1427 1137 Τ
1462 1072 1915 1160 περιφέρειαν,
1960 1072 2303 1139 τουτέστιν
2348 1068 2435 1140 ὃν

401 1182 534 1263 ἔχει
579 1174 624 1244 οἳ
654 1182 807 1245 ΣΗ
809 1184 877 1244 Κ
885 1184 942 1245 Θ
977 1176 1367 1267 περιφέρεια
1403 1178 1554 1246 ποτὶ
1591 1175 1717 1245 τὰν
1742 1185 1822 1245 Η
1823 1184 1891 1245 Κ
1900 1184 1958 1244 Θ
1984 1176 2443 1265 περιφέρειαν.

293 1301 364 1349 10
403 1278 487 1350 ὃν
543 1282 620 1352 δὲ
673 1281 716 1352 ἆ
776 1291 1065 1352 ΣΗΚΘ
1116 1284 1505 1373 περιφέρεια
1569 1285 1721 1353 ποτὶ
1782 1283 1910 1351 τὰν
1971 1292 2051 1352 Η
2056 1280 2189 1351 ΚΘ
2250 1306 2435 1371 περι-

401 1388 702 1478 φέρειαν,
747 1394 992 1458 τοῦτον
1051 1396 1184 1477 ἔχει
1231 1388 1274 1458 ἆ
1303 1398 1444 1458 ΑΛ
1484 1388 1723 1459 εὐθεῖα
1758 1390 1910 1459 ποτὶ
1947 1389 2075 1459 τάν
2100 1399 2261 1458 ΑΔ.
2326 1395 2434 1459 δε-

401 1498 655 1563 δείκται
709 1494 838 1585 γὰρ
893 1500 1112 1566 τοῦτο.
1213 1496 1549 1565 ἐλάσσονα
1605 1496 1737 1584 ἄρα
1793 1497 1999 1583 λόγον
2046 1502 2180 1585 ἔχει
2224 1494 2270 1563 οἱ
2317 1503 2439 1564 ΑΙ

399 1602 554 1668 ποτὶ
597 1600 723 1670 τᾶν
775 1611 924 1689 ΑΡ,
981 1602 1150 1693 ἤπερ
1196 1601 1239 1670 ἆ
1290 1611 1425 1671 ΛΑ
1469 1604 1621 1672 ποτὶ
1666 1602 1793 1672 τὰν
1819 1613 1884 1671 Α
1896 1611 1962 1670 Δ
1982 1624 1996 1641 ·
2052 1602 2217 1692 ὅπερ
2264 1602 2433 1673 ἀδύ-

399 1734 626 1778 νατον.
701 1718 814 1778 ἴσα
857 1708 989 1799 γὰρ
1037 1708 1079 1777 ἆ
1127 1717 1253 1778 ΡΑ
1295 1714 1379 1799 τᾷ
1426 1717 1584 1778 ΑΔ.
1658 1708 1783 1779 οὐκ
1838 1710 1975 1800 ἄρα
2020 1711 2203 1780 ἐστὶν
2248 1708 2431 1799 ὀρθὰ

293 1834 361 1883 15
399 1812 442 1883 ἆ
490 1816 926 1904 περιεχομένα
971 1812 1104 1885 ὑπὸ
1149 1820 1278 1884 τᾶν
1331 1824 1496 1902 ΑΔ,
1545 1825 1611 1883 Δ
1623 1823 1695 1885 Ζ.
1796 1820 2127 1885 ὃεὸείκται
2170 1818 2279 1903 δέ,
2328 1815 2432 1885 ὅτι

400 1919 564 1989 οὐδὲ
611 1920 810 2004 ὀξεῖα.
885 1919 1180 2008 ἀμβλεῖα
1225 1920 1360 2011 ἄρα
1408 1924 1603 1991 ἐστίν.
1694 1920 1863 1991 ὥστε
1910 1920 1953 1990 ἆ
1999 1920 2200 1992 λοιπὰ
2248 1922 2430 2004 ὀξεῖά

401 2030 599 2095 ἐστιν.
693 2024 943 2113 ὁμοίως
998 2026 1073 2095 δὲ
1127 2029 1585 2114 δειχθησέται,
1648 2029 1761 2095 καὶ
1817 2037 1885 2097 εἴ
1930 2054 2015 2097 κα
2062 2026 2105 2097 ἅ
2153 2029 2431 2110 ἐπιψαύ-

399 2153 571 2201 ουσα
616 2138 736 2212 τᾶς
781 2136 996 2213 ἕλικος
1039 2131 1207 2201 κατὰ
1251 2132 1328 2202 τὸ
1378 2134 1583 2222 πέρας
1629 2136 1952 2224 ἐπιψαύῃ,
2000 2133 2107 2205 ὅτι
2148 2134 2223 2204 τὸ
2262 2135 2431 2205 αὐτὸ

400 2239 826 2326 συμβησέται.

291 2418 364 2466 20
1365 2428 1389 2467 ι
1404 2401 1475 2483 ζ’.

532 2522 670 2592 Καὶ
732 2531 968 2593 τοίνυν
1029 2535 1095 2593 εἴ
1145 2552 1231 2593 κα
1294 2529 1412 2605 τᾶς
1477 2528 1549 2594 ἐν
1613 2530 1693 2614 τᾷ
1755 2527 2034 2615 δευτέρᾳ
2096 2530 2431 2616 περιφορᾷ

395 2632 854 2720 γεγραμμένας
901 2633 1115 2713 ἕλικος
1171 2631 1462 2719 ἐπιψαύῃ
1509 2628 1552 2698 ἆ
1601 2629 1868 2717 εὐθεῖα,
1921 2629 1997 2701 τὸ
2056 2629 2219 2700 αὐτὸ
2267 2652 2431 2719 συμ-

396 2740 685 2825 βησέται.

532 2844 903 2925 ἐπιψαυέτω
958 2842 1088 2933 γὰρ
1143 2840 1185 2913 ἆ
1243 2850 1369 2911 ΕΖ
1424 2840 1662 2912 εύθεῖα
1716 2847 1831 2924 τᾶς
1886 2846 1959 2913 ἐν
2014 2849 2095 2934 τᾷ
2154 2846 2431 2935 δευτέρᾳ

285 2966 358 3015 25
396 2955 731 3039 περιφορᾷ
777 2952 1235 3040 γεγραμμένας
1279 2952 1494 3030 ἕλικος
1529 2948 1694 3018 κατὰ
1732 2949 1810 3018 τὸ
1852 2959 1949 3037 Δ,
1995 2951 2103 3019 καὶ
2142 2948 2222 3018 τὰ
2259 2950 2431 3022 ἄλλα

396 3052 479 3122 τὰ
525 3052 694 3123 αὐτὰ
741 3070 881 3136 τοῖς
925 3057 1254 3145 πρότερον
1299 3056 1833 3125 κατεσκευάσθω.
1908 3054 2157 3144 ὁμοίως
2193 3056 2275 3145 δὴ
2315 3062 2435 3137 τᾶς

397 3165 521 3229 τοῦ
552 3168 690 3229 ΡΝ
693 3169 759 3228 Δ
795 3170 1215 3253 περιφερείας
1249 3162 1502 3231 κύκλου
1538 3160 1617 3231 τὰ
1655 3162 1776 3250 μὲν
1817 3164 1890 3233 ἐν
1926 3177 2066 3244 τοῖς
2098 3188 2430 3251 προαγου-

547 3328 593 3377 1.
631 3319 995 3393 περιφέρεια]
1035 3323 1257 3391 scripsi3
1295 3343 1665 3393 περιφερειας
1702 3323 1762 3390 F,
1800 3323 1990 3393 uulgo.
2154 3330 2203 3379 6.
2244 3326 2437 3380 ΔΤΝ

399 3393 693 3449 Torellius.
876 3400 925 3447 9.
968 3398 1028 3447 Η
1035 3399 1086 3448 Κ
1099 3394 1174 3481 Θ)
1217 3398 1278 3447 Η
1318 3413 1487 3465 supra.
1532 3396 1641 3449 scri
1683 3397 1801 3448 tum
1848 3412 2018 3449 manu
2054 3402 2087 3450 2
2125 3395 2186 3449 F.
2347 3401 2429 3451 14.

397 3465 529 3535 ΛΔ]
579 3470 711 3532 ΑΔ,
760 3467 964 3534 μείζων
1011 3463 1075 3520 δὲ
1129 3485 1166 3519 α
1218 3472 1250 3519 Ι
1258 3472 1301 3519 A
1348 3470 1450 3527 τᾶς
1488 3471 1589 3519 ΑΛ
1682 3466 2096 3533 ommandinns‚
2136 3466 2431 3536 Torellius,

395 3536 642 3590 Niniue.
788 3540 935 3606 ορθη
975 3536 1050 3605 F3
1099 3554 1238 3591 corr.
1278 3537 1586 3606 'roz-essius,
1623 3540 1688 3590 ut
1720 3554 1775 3606 p.
1816 3541 1883 3591 68
1921 3536 2018 3593 lin.
2058 3545 2109 3606 3,
2146 3544 2197 3593 4.
2348 3544 2430 3593 15.
