2659 3967
402 189 536 256 466
1182 186 1683 246 FRAGMENTA„-

396 334 510 402 καὶ
555 330 631 402 τὸ
678 332 959 421 κέντρον
1003 327 1127 400 τοῦ
1163 332 1405 421 βάρεος
1440 335 1564 400 τοῦ
1599 331 2035 425 κρεμαμένου.
2101 335 2426 400 δεδείκται

398 439 529 530 γὰρ
576 440 689 508 καὶ
734 441 953 507 τοῦτο.

532 551 610 616 In
656 550 781 616 hoc
825 549 994 615 libro
1040 549 1183 614 sine
1228 549 1425 614 dubio
1474 548 1921 614 definitionem
1967 549 2176 614 centri
2213 549 2426 634 graui-

398 659 559 724 tatis
605 656 900 740 dederat,
945 678 1113 742 quae
1157 657 1228 721 in
1273 656 1462 721 libris
1511 655 1589 720 de
1632 656 1978 742 planorum
2025 655 2424 741 aequilibriis

401 763 820 829 desideratur.

1146 957 1676 1046 Κατοπτρικά.

295 1082 376 1147 13
534 1084 762 1150 Theon
818 1085 888 1148 in
933 1083 1291 1149 Ptolemaei
1339 1101 1522 1152 συντ.
1567 1083 1601 1148 Ι
1655 1109 1715 1170 p.
1769 1087 1851 1152 10
1897 1085 1992 1150 ed.
2038 1081 2268 1150 Basil..
2323 1081 2428 1148 καὶ

397 1193 534 1258 τῶν
582 1185 697 1255 ἀπ’
751 1185 957 1274 αὐτῆς
1007 1188 1153 1277 (τῆς
1189 1185 1442 1277 οψεως)
1481 1188 1587 1255 ἐπὶ
1623 1187 1744 1256 τὸν
1783 1187 1949 1278 ἀέρα
1987 1207 2428 1278 προσπιπτου-

399 1299 542 1363 σῶν
588 1291 882 1362 ἀκτίνων
928 1293 1169 1361 κλάσιν
1214 1290 1706 1381 ὑπομενουσῶν
1752 1295 1865 1362 καὶ
1902 1301 2170 1382 μείζονα
2207 1319 2431 1362 ποιου-

400 1404 541 1471 σῶν
594 1398 718 1487 τὴν
763 1398 931 1489 πρὸς
974 1404 1053 1489 τῇ
1105 1399 1256 1482 ὄψει
1302 1407 1592 1487 γωνίαν,
1645 1399 1854 1472 καθὰ
1902 1402 2033 1469 καὶ
2074 1399 2432 1490 Ἀρχιμή-

400 1512 542 1594 δης
616 1510 939 1586 ἐνμτοῖς
1010 1507 1186 1593 περὶ
1258 1513 1812 1597 κατοπτρικῶν
1877 1505 2431 1576 ἀποδεικνύων

400 1620 678 1702 φησίν,
740 1612 841 1683 ὅτι
904 1613 1331 1702 [καθάπερ]1)
1389 1614 1519 1681 καὶ
1574 1612 1665 1682 τὰ
1724 1618 1836 1694 εἰς
1889 1611 2104 1700 ὕδωρ
2152 1613 2432 1699 ἐμβαλ-

398 1720 694 1807 λόμενα
738 1727 1060 1808 μείζονα
1107 1725 1510 1807 φαίνεται,
1557 1722 1687 1788 καὶ
1726 1719 1882 1813 ὅσῳ
1918 1718 2125 1786 κάτω
2167 1733 2432 1807 χωρεῖ,

399 1833 738 1914 μείζονα.
832 1834 898 1895 et
956 1830 1178 1914 paullo
1241 1829 1440 1894 infra:
1498 1827 1610 1894 καὶ
1666 1826 2150 1895 κεκλάσθωσαν
2200 1826 2305 1894 ἐπὶ
2351 1823 2429 1892 τὰ

398 1942 481 2019 Α,
511 1942 590 2020 Β,
623 1930 713 2013 ῶς
746 1939 949 2019 ΕΘΛ,
982 1939 1188 2020 ΕΚΒ,
1227 1932 1438 2016 καθὰ
1475 1933 1606 2000 καὶ
1639 1931 2112 2023 Ἀρχιμήδης
2148 1934 2229 2001 ἐν
2267 1945 2433 2012 τοῖς

340 2096 350 2102 .
401 2041 579 2128 περὶ
626 2044 1210 2125 κατοπτρικῶν,
1258 2037 1349 2120 ὥς
1395 2044 1667 2128 ἔφαμεν.

300 2166 383 2229 14
538 2166 1037 2253 olympiodorus
1093 2169 1161 2231 in
1219 2167 1596 2233 Aristotelis
1653 2167 2082 2254 Meteorolog.
2125 2167 2192 2232 II
2237 2190 2300 2252 p.
2347 2168 2434 2232 94

404 2272 496 2338 ed.
552 2273 789 2339 Ideler:
854 2271 1073 2352 ἄλλως
1127 2298 1198 2340 τε
1253 2272 1366 2340 καὶ
1417 2270 1890 2361 Ἀρχιμήδης
1943 2270 2139 2340 αὐτὸ
2196 2275 2431 2340 τοῦτο

405 2379 854 2464 δείκνυσιν,
905 2376 1023 2447 ὅτι
1059 2383 1339 2446 κλᾶται
1379 2376 1418 2464 ἡ
1461 2377 1668 2465 ὄψις,
1709 2381 1789 2447 ἐκ
1824 2382 1964 2446 τοῦ
2005 2382 2436 2447 δακτυλίου

403 2488 544 2553 τοῦ
592 2485 673 2552 ἐν
720 2481 1014 2576 ἀγγείῳ
1061 2485 1582 2573 βαλλομένου.

304 2612 388 2678 15
544 2609 861 2698 Georgius
917 2609 1115 2676 Ualla
1177 2612 1255 2676 de
1312 2611 1688 2696 expetendis
1744 2615 1810 2676 et
1861 2611 2185 2698 fugiendis
2240 2612 2434 2677 rebus

232 2739 237 2746 ·
403 2715 543 2782 XV.
591 2715 727 2804 22):
797 2715 965 2782 Sane
1012 2716 1512 2782 Archimedes
1567 2717 1809 2803 inquit,
1863 2716 2033 2801 quod
2073 2717 2431 2800 flangulus

404 2824 530 2907 ipsi
574 2845 606 2889 e
650 2829 766 2890 aut
812 2822 1101 2908 aequalis
1148 2828 1250 2888 est
1294 2828 1407 2888 aut
1453 2824 1668 2888 minor
1706 2825 1820 2888 aut
1857 2822 2083 2888 maior.
2157 2824 2246 2888 sit
2283 2847 2436 2890 sane

550 3037 602 3104 1)
640 3033 955 3090 Delendum
992 3036 1147 3105 puto.

549 3127 605 3194 2)
641 3123 804 3178 Hunc
840 3123 1025 3178 uirum
1064 3123 1284 3178 codices
1314 3123 1556 3180 Graecos
1591 3122 1874 3191 habuisse,
1913 3122 2012 3192 qui
2049 3141 2196 3179 nunc
2233 3125 2327 3180 uel
2353 3125 2432 3180 la.-

406 3199 567 3253 teant
600 3194 695 3251 uel
730 3195 1141 3264 interciderint,
1180 3195 1340 3250 breui
1376 3212 1538 3264 spero
1556 3237 1571 3264 ,
1605 3211 1696 3249 me
1731 3193 1988 3264 pluribus
2026 3194 2434 3250 demonstratu·

407 3286 547 3323 rum.
612 3282 954 3336 quamquam
998 3264 1108 3320 hoc
1153 3266 1530 3336 fragmentum
1576 3265 1660 3320 ita
1696 3265 1960 3329 mutilum
1997 3268 2084 3320 est
2129 3283 2195 3320 ac
2238 3267 2434 3336 depra-

409 3342 633 3404 uatum‚
680 3339 747 3392 ut
790 3353 971 3406 neque
1017 3337 1299 3392 sententia
1343 3338 1565 3392 constet
1609 3352 1792 3406 neque
1827 3337 2218 3406 dignoscatur,
2261 3355 2432 3406 quan-

408 3413 528 3463 tum
574 3410 693 3464 eius
743 3407 1067 3463 Archimedi
1116 3407 1474 3491 tribuendum
1525 3407 1624 3491 sit,
1679 3409 1872 3462 tamen
1914 3407 2276 3463 reiiciendum
2323 3425 2434 3463 non

410 3479 746 3534 existimaui.
783 3495 897 3534 non
924 3478 1138 3546 dubito,
1169 3479 1301 3547 quin
1331 3477 1586 3533 Graece
1569 3479 1810 3534 mueniri
1836 3479 2054 3550 possit
2037 3497 2098 3533 m
2124 3478 2317 3550 aliquo
2346 3497 2434 3536 co-

411 3548 537 3604 dice
574 3549 1008 3620 catoptricorum
1044 3548 1293 3605 Euclidis
1330 3549 1563 3606 scholiis
1599 3550 1891 3607 instructo.
