2659 3967
426 203 557 268 100
1192 203 1372 254 ΠΕΡΙ
1406 201 1704 255 ΕΛΙΚΩΝ.

558 349 725 412 ἔστω
764 345 924 431 ἕλιξ,
972 340 1079 431 ἐφ’
1121 334 1201 424 οἷς
1240 340 1283 410 ἆ
1323 351 1453 411 AB
1466 349 1749 430 ΓΔΕΘ,
1789 346 1861 411 ἐν
1895 347 1980 434 τᾷ
2018 340 2250 435 πρώτᾳ
2284 366 2465 432 περι-

424 453 607 540 φορᾷ
662 452 1107 541 γεγραμμένα.
1200 455 1368 518 ἔστω
1431 449 1507 518 δὲ
1557 449 1634 519 τὸ
1693 450 1816 539 μὲν
1862 459 1921 520 Θ
1966 465 2246 539 σαμεῖον
2291 449 2465 540 ἀρχὰ

423 561 541 638 τᾶς
597 558 842 644 ἕλικος,
900 554 943 624 ἆ
1003 556 1079 625 δὲ
1123 565 1255 624 ΘΑ
1310 554 1552 625 εὐθεῖα
1593 556 1823 646 πρώτα
1867 562 1993 626 τᾶν
2040 561 2117 627 ἐν
2161 563 2244 649 τᾷ
2291 555 2468 648 ἀρχᾷ

424 667 541 745 τᾶς
586 667 980 754 περιφορᾶς,
1031 660 1069 730 ὁ
1117 661 1195 730 δὲ
1220 671 1285 730 Α
1296 669 1367 730 Κ
1375 669 1519 730 ΖΗ
1523 670 1572 731 I
1599 663 1846 744 κύκλος
1879 669 2162 752 πρῶτος,
2211 656 2295 733 οὗ
2329 671 2468 754 τρί-

355 785 387 835 5
424 797 545 839 τον
593 772 791 859 μέρος
838 775 1005 838 ἔστω
1044 767 1107 856 ὃ,
1155 772 1231 838 ἐν
1269 761 1323 862 ᾧ
1365 787 1435 856 Q,
1481 769 1740 852 κύκλος.
1805 773 2124 859 δεικτέον,
2173 770 2276 840 ὅτι
2314 780 2466 841 ἴσον

426 877 564 945 ἐστὶ
608 874 685 944 τὸ
739 879 1231 967 προειρημένον
1276 880 1530 966 χωρίον
1572 881 1666 971 τῷ
1715 895 1752 950 Q
1798 877 2039 970 κύκλῳ.

561 987 622 1050 εί
665 979 795 1071 γὰρ
843 981 958 1070 μή,
1002 981 1155 1069 ἤτοι
1203 982 1429 1070 μεῖζόν
1477 985 1615 1051 ἐστι
1654 978 1696 1069 ἢ
1735 988 2039 1054 ἔλασσον.
2105 991 2270 1054 ἔστω
2307 985 2468 1074 πρό-

423 1116 646 1178 τερον,
694 1093 757 1156 εί
801 1088 1121 1173 δυνατόν,
1170 1093 1478 1157 ἔλασσον.
1552 1088 1848 1158 δυνατὸν
1895 1091 1980 1176 δή
2029 1094 2166 1159 ἐστι
2201 1092 2352 1181 περὶ
2388 1091 2465 1160 τὸ

424 1201 676 1285 χωρίον
721 1193 798 1264 τὸ
845 1195 1323 1284 περιεχόμενον
1369 1192 1504 1262 ὑπό
1549 1219 1622 1263 τε
1666 1199 1787 1276 τᾶς
1814 1203 2082 1264 ΑΒΓΔ
2092 1205 2218 1265 ΕΘ
2255 1199 2470 1278 ἕλικος

322 1318 388 1368 10
423 1302 537 1370 καὶ
594 1305 714 1382 τᾶς
767 1310 832 1369 Α
843 1309 901 1369 Θ
966 1299 1238 1382 εὐθείας
1291 1300 1700 1391 περιγράψαι
1755 1305 1974 1390 σχῆμα
2029 1306 2343 1373 ἐπίπεδον
2401 1306 2466 1386 ἐξ

426 1406 681 1498 ὁμοίων
708 1409 969 1495 τομέων
999 1414 1460 1496 συγκείμενον,
1502 1406 1672 1477 ὥστε
1699 1406 1775 1476 τὸ
1805 1409 2219 1498 περιγραφὲν
2247 1415 2467 1500 σχῆμα

1500 1521 1725 1602 μεῖζον
1788 1511 1973 1602 εἶμεν
2031 1520 2154 1584 τοῦ
2214 1524 2468 1607 χωρίου

1501 1620 1818 1690 ἐλάσσονι
1862 1625 1981 1702 τοῖς
2021 1619 2374 1712 ὑπεροχᾶς,
2424 1616 2470 1714 ᾇ

1497 1725 1802 1819 ὑπερέχει
1860 1726 1896 1796 ὁ
1954 1746 1992 1801 (ἦ
2046 1729 2289 1812 κύκλος
2343 1735 2468 1799 τοῦ

1501 1837 1860 1925 εἰρημένου
1923 1842 2192 1925 χωρίου.
2287 1860 2472 1927 περι-

1499 1942 1868 2032 γεγράφθω
1935 1942 2054 2030 δή,
2121 1943 2234 2011 καὶ
2299 1949 2468 2012 ἔστω

1397 2039 1460 2100 Α
1497 2054 1636 2117 τῶν
1689 2049 1980 2137 τομέων,
2037 2051 2104 2131 ἐξ
2158 2041 2257 2118 ὦν
2313 2070 2469 2138 συγ-

1497 2160 1707 2222 κείται
1733 2154 1812 2223 τὸ
1843 2158 2200 2245 εἰρημένον
2221 2161 2469 2245 σχῆμα,

1500 2262 1806 2349 μέγιστος
1833 2261 1956 2350 μὲν
1986 2261 2022 2331 ὃ
2053 2271 2279 2350 ΘΑΚ,
2320 2264 2470 2332 ἐλά-

1499 2389 1723 2458 χιστος
1769 2369 1844 2438 δὲ
1891 2367 1927 2437 ὃ
1976 2375 2190 2437 ΘΕΟ.
2255 2374 2470 2457 δῆλον

1501 2467 1650 2561 οὖν,
1699 2474 1802 2543 ὅτι
1838 2474 1915 2544 τὸ
1953 2478 2469 2565 περιγεγραμμέ-

1498 2609 1626 2650 νον
1691 2588 1912 2671 σχῆμα
1976 2583 2263 2653 ἔλασσόν
2328 2586 2468 2651 ἐστι

1497 2693 1622 2757 τοῦ
1687 2707 1724 2761 Q
1788 2689 2058 2759 κύκλου.
2160 2689 2470 2777 ἐκβεβλή-

1501 2805 1782 2864 σθωσαν
1834 2795 1910 2865 δὲ
1965 2800 2040 2865 αἰ
2087 2795 2350 2865 εύθείαι
2397 2800 2474 2864 αἱ

1496 2902 1653 2969 ποτὶ
1710 2906 1803 2995 τῷ
1861 2909 1918 2970 Θ
1977 2901 2294 2971 ποιούσαι
2347 2901 2471 2984 τὰς

1498 3016 1648 3089 ἴσας
1681 3015 1952 3096 γωνίας,
2001 3007 2134 3077 ἔστ’
2186 3005 2274 3078 ἂν
2315 3011 2471 3078 ποτὶ

422 3112 553 3180 τὰν
607 3117 731 3180 τοῦ
792 3113 1045 3181 κύκλου
1100 3116 1531 3203 περιφέρειαν
1585 3118 1892 3184 πεσῶντι.
1975 3115 2112 3182 ἐντὶ
2164 3114 2247 3204 δή
2293 3143 2472 3197 τινες

428 3219 723 3309 γραμμαὶ
782 3223 855 3286 αἱ
898 3218 1029 3288 ἀπὸ
1077 3224 1198 3289 τοῦ
1245 3228 1304 3288 Θ
1349 3221 1501 3288 ποτὶ
1547 3219 1672 3288 τὰν
1719 3222 1906 3289 ἕλικα
1951 3222 2470 3291 ποτιπιπτούσαι

426 3330 518 3419 τῷ
568 3333 691 3416 ἴσῳ
740 3323 1041 3394 duvii-av
1087 3323 1564 3416 ὑπερεχούσαι,
1611 3319 1702 3396 ἄν
1749 3331 1884 3395 ἐστι
1931 3334 2208 3414 μεγίστα
2252 3328 2375 3416 μὲν
2423 3327 2468 3396 ἆ

572 3493 621 3540 3.
650 3486 780 3557 τᾶν]
816 3485 1037 3553 addidi;
1077 3504 1185 3542 om.
1215 3487 1277 3555 F,
1306 3488 1500 3558 uulgo.
1573 3495 1625 3545 4.
1655 3491 1816 3542 AKZ
1830 3491 1931 3542 HI
1991 3493 2034 3542 A
2047 3491 2111 3543 N
2117 3493 2226 3543 ZH
2238 3494 2272 3543 I
2297 3505 2468 3559 supra

429 3556 638 3627 scripto
666 3561 722 3611 K
756 3575 942 3627 manu,
980 3560 1047 3612 ut
1074 3558 1314 3628 uidetur,
1355 3565 1386 3612 2
1416 3559 1477 3614 F.
1588 3564 1640 3615 5.
1678 3554 1735 3631 ὁ]
1775 3558 1910 3615 addi
1951 3559 1995 3628 ῖς
2037 3577 2145 3615 om.
2176 3561 2234 3630 F,
2272 3561 2464 3631 uulgo,
