2659 3967
718 183 1229 251 QUADRATURA
1266 183 1721 242 PARABOLAE.
2108 186 2240 254 339

196 331 398 398 allela
443 329 643 395 ducta
689 333 818 416 est,
875 332 941 394 et
984 337 1050 395 A
1062 337 1129 394 A
1159 360 1237 384 =
1274 332 1427 416 ΔΓ,
1484 329 1776 416 adparet,
1820 332 2063 398 lineam
2107 335 2250 398 ΑΓ

196 441 269 502 et
327 437 573 502 lineam
628 436 698 502 in
750 440 991 522 puncto
1040 440 1098 501 Β
1156 437 1508 502 sectionem
1561 437 1709 503 coni
1755 438 2239 522 contingentem

193 543 554 630 parallelas
612 564 755 608 esse
812 545 1021 630 [prop.
1071 544 1138 628 1,
1182 544 1275 625 b].
1369 543 1590 628 itaque
1645 543 2064 608 manifestum
2119 548 2238 630 est,

193 651 553 734 linearum,
599 669 767 735 quae
816 672 855 714 a
900 648 1185 715 sectione
1232 648 1313 714 ad
1359 651 1599 716 lineam
1645 657 1709 716 A
1718 654 1784 715 Γ
1816 650 2236 737 perpendicu-

192 759 373 824 lares
437 757 783 842 ducantur,
846 756 1199 822 maximam
1263 755 1405 821 fore
1468 756 1704 823 lineam
1771 779 1812 821 a
1873 760 2116 844 puncto
2175 761 2234 821 Β

196 861 537 948 ductam.¹)
642 862 865 948 itaque
936 865 1249 947 punctum
1319 866 1382 927 Β
1455 867 1681 928 uertex
1755 867 1856 928 est
1929 862 2235 928 sectionis

197 974 289 1056 [p.
336 970 489 1055 336,
538 968 670 1050 15].

1172 1143 1348 1211 XIX.

332 1271 412 1336 In
467 1273 803 1357 segmento
859 1270 1035 1337 linea
1079 1272 1259 1335 recta
1311 1273 1379 1337 et
1437 1269 1721 1336 sectione
1779 1271 1924 1337 coni
1978 1273 2230 1336 rectan-

196 1378 339 1465 guli
394 1377 861 1462 comprehenso
917 1377 1094 1442 linea
1146 1399 1185 1441 a
1234 1375 1451 1442 media
1493 1377 1640 1442 basi
1687 1377 2037 1459 [diametro
2082 1400 2230 1463 par-

198 1481 483 1571 allela]²)
522 1483 717 1549 ducta
752 1482 950 1548 tertia
986 1485 1171 1566 parte
1208 1481 1420 1546 maior
1457 1484 1559 1546 est
1594 1481 2004 1568 longitudine
2034 1505 2230 1567 quam

196 1591 373 1656 linea
420 1613 459 1656 a
504 1589 718 1655 media
761 1588 909 1654 basi
954 1587 1223 1652 dimidia
1270 1586 1525 1668 [eodem
1570 1587 1792 1670 modo]
1840 1589 2052 1654 ducta.

333 1697 423 1762 sit
467 1698 639 1762 enim
685 1698 892 1760 ΑΒΓ
930 1695 1341 1780 segmentum
1389 1693 1566 1759 linea
1611 1697 1790 1759 recta
1835 1699 1900 1759 et
1946 1694 2231 1760 sectione

198 1803 350 1869 coni
393 1802 758 1888 rectanguli
805 1798 1357 1884 comprehensum,
1405 1802 1471 1863 et
1515 1799 1832 1864 diametro
1875 1800 2231 1885 parallelae

200 1909 518 1977 ducantur
586 1933 625 1975 a
687 1908 903 1974 media
964 1907 1142 1972 linea
1195 1909 1335 1970 ΑΓ
1379 1905 1554 1970 linea
1607 1910 1745 1970 BA
1801 1909 1866 1970 et
1920 1929 1960 1972 a
2015 1907 2229 1974 media

741 2027 821 2087 B
1040 2013 1216 2076 linea
1251 2017 1401 2076 AA
1438 2011 1610 2077 linea
1639 2015 1781 2076 EZ.
1848 2016 1916 2077 et
1955 2011 2229 2078 ducatur

743 2153 795 2216 θ
1040 2119 1239 2183 etiam
1288 2121 1413 2182 ΖΘ
1467 2117 1678 2182 lineae
1724 2121 1855 2182 ΑΓ
1891 2119 2225 2203 parallela.

1042 2224 1350 2310 quoniam
1399 2224 1603 2310 igitur
1647 2225 1718 2290 in
1755 2227 2042 2292 sectione
2080 2227 2227 2292 coni

1040 2331 1405 2417 rectanguli
1423 2335 1554 2396 BA
1574 2331 1891 2398 diametro
1912 2332 2228 2417 parallela

606 2445 672 2496 Δ
1038 2439 1233 2505 ducta
1279 2441 1405 2523 est,
1469 2442 1535 2502 et
1598 2438 1806 2504 lineae
1874 2443 1939 2502 A
1949 2444 2040 2523 A,
2101 2442 2225 2502 ΖΘ

194 2543 402 2608 lineae
462 2544 532 2609 in
577 2548 634 2608 B
697 2547 1052 2611 sectionem
1112 2545 1521 2629 contingenti
1575 2545 1930 2628 parallelae
1986 2540 2225 2628 sunt³)‚

199 2649 490 2733 adparet,
547 2671 687 2715 esse
740 2655 878 2715 BA
906 2676 922 2718 z
949 2655 1075 2716 ΒΘ
1104 2682 1188 2704 --
1219 2647 1389 2715 AA²
1420 2675 1434 2716 ε
1465 2647 1616 2714 ΖΘῗ
1667 2652 1875 2736 [prop.
1922 2649 2011 2730 3].
2100 2649 2223 2713 ita·
2267 2721 2277 2732 ,

197 2775 316 2840 que
362 2754 565 2820 etiam
596 2761 735 2821 BA
764 2787 849 2810 =
877 2755 1131 2845 4ΒΘ.4)
1203 2756 1623 2822 manifestum
1670 2758 1772 2820 est
1815 2755 2037 2840 igitur,
2083 2777 2224 2820 esse

195 2864 331 2924 BA
358 2891 442 2915 =
472 2858 728 2948 fflzfi)

342 3037 398 3104 1)
433 3036 487 3090 Ν
489 3052 582 3091 am
612 3036 663 3091 si
686 3036 858 3091 ullius
885 3036 1081 3120 puncti
1108 3035 1373 3092 sectionis
1403 3036 1674 3092 distantia
1700 3036 1880 3092 maior
1897 3038 2060 3105 esset,
2089 3053 2219 3107 pars

200 3107 459 3162 sectionis
498 3109 657 3162 extra
691 3107 899 3163 lineam
937 3107 998 3162 in
1027 3112 1071 3161 Β
1110 3107 1531 3178 contingentem
1569 3107 1810 3164 caderet.
1865 3107 2056 3176 itaque
2093 3109 2222 3163 coni

200 3177 497 3234 sectionem
536 3182 767 3246 secaret,
804 3179 957 3250 quod
994 3181 1191 3234 contra
1225 3179 1590 3249 hypothesim
1626 3181 1729 3235 est.

336 3251 391 3319 2)
428 3249 693 3307 Fortasse
728 3198 843 3306 linq
858 3257 884 3305 1
897 3256 925 3304 1
963 3251 1095 3320 post
1121 3197 1372 3320 ἀχθεῖσα
1399 3250 1742 3306 addendum:
1779 3245 1934 3320 παρὰ
1963 3246 2069 3304 τὰν
2097 3244 2219 3304 διά-

199 3339 984 3458 μερέἷρὤαΛΛε-ΔΓ·
1020 3394 1232 3447 tumn.
1270 3409 1431 3463 prop.
1472 3399 1520 3462 1,
1558 3393 1611 3447 Β.

329 3465 386 3532 4)
422 3462 572 3519 Nam
608 3468 815 3517 ΑΔ-
843 3469 874 3517 2
892 3465 1012 3518 ΖΘ.

334 3535 387 3603 5)
424 3534 569 3590 Nam
611 3534 820 3589 ΘΑΕ
851 3535 1098 3590 3ΒΘε-
1128 3537 1249 3590 ΕΖ.

1781 3622 1892 3678 22*
