2659 3967
409 185 542 248 224
924 189 1312 240 ΕΠΙΠΕΔΩΝ
1348 191 1804 242 ΙΣοΡΡοΠῙῼΝ
1839 187 1929 243 Β’.

410 335 554 395 ΕΒ.
648 326 985 413 ἀνομοίως
1049 321 1176 397 οὖν
1242 329 1448 397 πάλιν
1513 333 1649 398 τῶν
1715 329 1939 418 λόγων
2001 332 2457 419 τεταγμένων,

407 435 751 502 τουτέστιν
792 437 866 502 έν
911 438 1364 526 τεταραγμένα
1410 434 1763 526 ἀναλογία,
1813 435 1902 504 δι’
1959 446 2112 505 ἴσου
2157 436 2279 506 τὸν
2327 437 2457 505 αὐ-

406 539 527 608 τὸν
589 543 716 622 ἕξει
776 541 985 629 λόγον
1040 539 1083 608 ἁ
1129 548 1259 610 ΕΟ
1312 544 1465 609 ποτὶ
1503 550 1661 628 ΕΒ,
1724 540 1806 611 ὃν
1853 541 1896 611 ἆ
1944 550 2083 612 ΑΓ
2119 543 2282 629 μετὰ
2327 549 2458 624 τᾶς

407 654 797 734 τριπλασίας
854 652 972 728 τᾶς
1018 653 1142 716 ΓΔ
1194 648 1306 715 καὶ
1363 652 1714 728 διπλασίας
1766 653 1884 730 τᾶς
1932 659 1999 717 A
2009 659 2072 718 E
2121 652 2273 718 ποτὶ
2315 651 2454 717 τάν

338 770 371 816 5
410 757 769 821 διπλασίαν
826 757 1338 843 συναμφοτέρου
1393 760 1511 834 τᾶς
1561 764 1723 842 AB,
1780 763 1912 824 ΒΕ
1961 758 2124 842 μετὰ
2176 761 2295 836 τᾶς
2349 783 2454 824 τε·

408 867 816 946 τραπλασίας
873 863 1387 949 συναμφοτέρου
1440 865 1560 940 τᾶς
1605 867 1759 946 ΓΒ,
1807 870 1961 931 ΒΛ.
2054 861 2178 930 ὅλα
2223 855 2353 932 οὖν
2403 861 2449 930 οἳ

415 970 536 1032 OB
594 966 745 1032 ποτὶ
792 974 924 1033 ΒΕ
975 963 1096 1034 τὸν
1143 965 1356 1035 αὐτὸν
1403 972 1534 1054 ἔχει
1582 967 1820 1054 λόγον,
1871 965 1952 1036 ὃν
1999 967 2042 1036 ἆ
2090 978 2202 1036 ἴσα
2245 973 2326 1058 τᾷ
2377 994 2452 1036 τε

408 1078 764 1161 τριπλασία
820 1076 937 1152 τᾶς
982 1080 1113 1141 AB
1170 1071 1331 1159 μετὰ
1385 1078 1506 1154 τᾶς
1560 1075 1955 1155 ἕξαπλασίας
1999 1080 2118 1154 τοῖς
2162 1081 2285 1143 ΓΒ
2330 1076 2450 1142 καὶ

408 1182 490 1266 τᾷ
527 1184 883 1268 τριπλασίᾳ
908 1182 1026 1258 τοῖς
1051 1186 1181 1248 BA
1196 1180 1359 1268 ,ποτὶ
1386 1178 1512 1248 τὰν
1543 1184 1901 1248 διπλασίαν
1929 1182 2450 1270 συναμφοτέρου

306 1300 374 1348 10
408 1288 527 1363 τᾶς
581 1293 743 1370 AB,
799 1293 931 1352 ΒΕ
992 1284 1151 1372 μετὰ
1216 1290 1336 1366 τοῖς
1396 1293 1874 1375 τετραπλασίας
1928 1289 2448 1375 συναμφοτέρου

408 1395 527 1470 τᾶς
581 1397 741 1476 ΓΒ,
790 1398 943 1460 ΒΛ.
1033 1393 1144 1459 καὶ
1200 1394 1339 1460 ἐπεὶ
1395 1397 1470 1459 αἴ
1519 1418 1588 1461 τε
1637 1401 1802 1479 EA,
1855 1400 2016 1479 ΔΓ,
2062 1400 2184 1462 ΓΑ
2231 1396 2303 1461 ἐν
2349 1399 2444 1485 τῷ

412 1495 592 1589 αὐτῷ
654 1497 832 1589 λόγῳ
897 1500 1033 1566 ἐντὶ
1092 1500 1203 1566 καὶ
1260 1498 1767 1588 συναμφότερος
1821 1500 2064 1568 ἑκάστα
2118 1505 2244 1568 τᾶν
2289 1507 2441 1585 ΕΒ,

411 1610 567 1690 ΒΛ,
616 1611 772 1691 ΛΒ,
821 1611 963 1691 ΒΓ,
1012 1611 1157 1692 ΓΒ,
1205 1614 1359 1691 BA,
1409 1609 1694 1674 ἐσσείται
1731 1613 1864 1692 καί,
1909 1605 1998 1686 ὥς
2035 1605 2078 1674 o‘c
2117 1615 2255 1674 EA
2291 1606 2446 1674 ποτὶ

413 1719 575 1798 AA,
628 1709 838 1792 οὕτως
885 1711 1391 1801 συναμφότερος
1437 1709 1480 1778 ἆ
1519 1719 1668 1798 ΕΒ,
1716 1721 1853 1780 BA
1898 1713 2048 1780 ποτὶ
2098 1713 2447 1801 συναμφό-

312 1833 377 1882 15
413 1844 611 1906 τερον
655 1816 783 1885 τὰν
833 1826 989 1904 AB,
1035 1825 1167 1886 ΒΓ
1206 1817 1368 1906 μετὰ
1413 1823 1530 1898 τᾶς
1577 1821 2091 1907 συναμφοτέρου
2135 1823 2252 1900 τᾶς
2296 1826 2446 1905 ΓΒ,

411 1931 559 1992 BA.
650 1924 761 1990 καὶ
820 1925 1141 1993 συνθέντι
1198 1923 1329 2012 ἄρα
1387 1927 1598 2011 ἐστίν,
1656 1923 1746 2004 ὡς
1799 1923 1841 1992 ἆ
1892 1933 2029 1993 AE
2079 1926 2232 1994 ποτὶ
2279 1935 2445 2011 AA,

410 2028 623 2109 οὕτως
678 2030 1185 2120 συναμφότερος
1240 2028 1283 2096 ἃ
1328 2039 1486 2116 ΕΒ,
1534 2038 1672 2124 BA
1718 2029 1878 2118 μετὰ
1929 2035 2449 2120 συναμφοτέρου

400 2140 525 2215 τᾶς
570 2144 723 2222 ΑΒ,
770 2142 903 2204 ΒΓ
940 2138 1051 2203 καὶ
1098 2140 1614 2226 συναμφοτέρου
1655 2141 1776 2216 τοῖς
1821 2143 1963 2224 ΓΒ,
2009 2145 2169 2222 BA,
2218 2135 2258 2204 ὅ
2304 2139 2447 2205 ἐστι

409 2241 917 2330 συναμφότερος
975 2240 1017 2310 ἆ
1067 2249 1224 2328 ΕΒ,
1280 2251 1413 2310 ΒΛ
1473 2241 1633 2331 μετὰ
1692 2248 1814 2323 τᾶς
1873 2247 2225 2322 διπλασίας
2285 2263 2448 2310 συν-
2493 2331 2504 2340 .

304 2362 374 2411 20
411 2351 796 2436 αμφοτέρου
840 2353 959 2427 τᾶς
998 2355 1150 2434 ΔΒ,
1198 2354 1332 2417 ΒΓ
1368 2350 1521 2418 ποτὶ
1569 2348 2083 2438 συναμφότερον
2117 2346 2253 2442 ,τὰν
2290 2357 2445 2436 BA,

407 2464 541 2524 BA
586 2452 747 2542 μετὰ
794 2459 912 2534 τᾶς
949 2459 1299 2535 διπλασίας
1335 2461 1452 2536 τᾶς
1484 2462 1615 2524 ΒΓ.
1691 2455 1859 2525 ὥστε
1894 2456 2006 2523 καὶ
2045 2453 2088 2522 ἆ
2127 2460 2447 2525 διπλασία

406 2563 557 2632 ποτὶ
610 2559 736 2630 τὰν
794 2566 1152 2629 διπλασίαν
1204 2561 1327 2630 τὸν
1384 2560 1595 2630 αὐτὸν
1641 2563 1769 2643 ἕξει
1815 2562 2054 2649 λόγον,
2099 2564 2446 2631 τουτέστιν

408 2668 497 2752 ὥς
542 2667 584 2738 ἆ
633 2675 765 2736 ΕΑ
812 2668 964 2736 ποτὶ
1006 2676 1167 2755 AA,
1217 2667 1431 2748 οὕτως
1476 2666 1519 2735 ἆ
1568 2673 1883 2760 διπλασία
1928 2671 2447 2758 συναμφοτέρου

405 2781 524 2856 τᾶς
578 2784 743 2860 ΕΒ,
801 2783 933 2842 BA
991 2773 1151 2862 μετὰ
1214 2779 1333 2854 τοῖς
1391 2781 1868 2861 τετραπλασίας
1927 2778 2448 2864 συναμφοτέρου

301 2894 369 2943 25
406 2888 524 2963 τᾶς
569 2889 723 2968 ΓΒ,
771 2891 909 2950 BA
963 2882 1114 2950 ποτὶ
1168 2880 1293 2949 τάν
1352 2887 1710 2949 διπλασίαν
1767 2886 2280 2973 συναμφοτέρου
2325 2887 2448 2964 τᾶς

405 2996 568 3074 AB,
616 2997 753 3056 BA
808 2986 971 3075 μετὰ
1027 2993 1145 3067 τᾶς
1197 2995 1676 3076 τετραπλασίας
1729 2992 1848 3068 τᾶς
1893 2994 2033 3057 ΓΒ.
2118 2988 2285 3057 ὥστε
2329 2991 2444 3057 καὶ

549 3190 599 3237 3
640 3185 751 3236 EO
828 3186 937 3238 ΕΘ
982 3184 1055 3250 Ἐς
1110 3200 1248 3238 corr.
1311 3184 1397 3239 ed.
1447 3184 1615 3240 Basil.
1807 3203 1947 3253 προς
1991 3201 2093 3253 per
2140 3202 2317 3254 comp.
2365 3185 2442 3251 F3

409 3254 976 3321 oorr.Torel'u8,u1;
1012 3270 1232 3337 semper
1267 3255 1327 3309 in
1365 3256 1470 3310 hac
1507 3255 1728 3326 pagina..
1859 3261 1908 3308 4.
1948 3258 2278 3326 τριπλασίας
2313 3255 2440 3328 τᾶς]

408 3343 515 3382 om.
554 3326 625 3390 Ἐς
666 3342 801 3380 corr.
840 3327 906 3379 Α.
1064 3321 1195 3395 ταν]
1236 3326 1454 3394 addidi3
1496 3344 1604 3381 om.
1641 3326 1704 3392 F,
1743 3327 1932 3395 uulgc).
2085 3333 2133 3384 ’1.
2175 3327 2303 3398 OB]
2334 3331 2439 3382 ΕΒ

407 3397 478 3464 Ἐς
518 3413 655 3451 corr.
695 3397 781 3451 ed.
820 3396 990 3452 Basil.
1123 3401 1205 3452 13.
1248 3391 1405 3451 ἔσται
1441 3413 1542 3466 per
1579 3414 1758 3467 comp.
1797 3398 1858 3466 F,
1897 3399 2090 3467 nulgO.
2216 3405 2298 3454 16.
2339 3393 2440 3469 ὡς]

409 3485 516 3522 om.
553 3469 623 3534 F3
683 3485 821 3524 corr.
858 3467 926 3522 A.
1107 3462 1145 3520 ἁ
1184 3468 1313 3539 ΑΕ]
1366 3463 1403 3521 ἆ
1452 3467 1670 3535 addidi3
1717 3484 1825 3522 om.
1863 3469 1934 3535 F,
1980 3470 2171 3539 uulgo.
2355 3474 2439 3524 18.

409 3542 573 3593 ΓΒΔ
609 3539 679 3607 Ἐς
719 3556 855 3596 corr.
896 3539 1187 3595 Torellius.
1355 3543 1437 3594 19.
1479 3541 1652 3592 EBA
1674 3539 1736 3607 F,
1774 3539 1963 3610 uulgo,
2002 3540 2068 3594 ut
2102 3540 2200 3594 lin.
2238 3545 2327 3594 24.
