2659 3967
387 163 519 228 190
906 164 1297 217 ΕΙΠΠΕΔῼΝ
1332 165 1788 218 ῙΣοΡΡοΠιΩΝ
1823 162 1910 218 Β’.

384 315 449 373 A
460 313 549 391 B,
597 311 727 373 ΓΛ
780 311 1047 394 χωρίων
1103 306 1547 392 συγκειμένου
1600 307 1918 391 μεγέθεος
1970 306 2251 393 κέντρον
2303 307 2436 372 τοῦ

384 411 631 499 βάρεός
678 414 816 481 ἐστι
862 413 939 481 τὸ
988 420 1046 480 Θ
1092 425 1390 500 σαμεῖον.

519 522 687 587 ἔστω
744 518 829 605 δὴ
886 522 968 607 τᾷ
1024 518 1147 605 μὲν
1195 526 1323 586 ΕΘ
1379 519 1653 607 ἑκατέρα
1709 527 1822 587 ἴσα
1876 523 2000 587 τᾶν
2048 524 2211 604 ΖΗ,
2271 523 2431 604 ΖΚ,

381 629 465 715 τᾷ
513 624 590 694 δὲ
627 633 771 712 ΖΘ,
817 627 1117 693 τουτέστι
1162 628 1245 718 τᾷ
1286 631 1446 713 ΗΕ,
1495 634 1606 693 ἴσα
1654 623 1697 692 ἆ
1737 632 1885 695 ΕΛ.
1960 628 2246 695 ἐσσείται
2293 623 2430 713 ἄρα

313 747 345 796 ὅ
384 732 497 800 καὶ
544 730 587 799 ἆ
635 739 767 801 ΛΘ
810 736 892 821 τᾷ
938 739 1075 800 ΚΘ
1120 739 1265 817 ἴσα,
1310 731 1424 799 καὶ
1471 737 1598 818 ἔτι,
1647 729 1739 811 ὥς
1783 728 1824 798 ἆ
1873 738 2024 800 ΛΗ
2059 731 2211 798 ποτὶ
2255 737 2430 816 ΗΚ,

386 836 597 916 οὕτως
637 836 713 905 τὸ
744 844 875 905 AB
903 839 1054 905 ποτὶ
1082 844 1232 905 ΓΛ·
1285 842 1603 905 διπλασία
1630 836 1761 925 γὰρ
1793 837 2067 926 ἑκατέρα
2096 838 2425 925 ἑκατέρας.

283 995 309 1014 .
380 941 923 1032 παραβεβλήσθω
965 943 1049 1032 δὴ
1079 942 1259 1031 παρὰ
1286 942 1414 1012 τὰν
1444 951 1507 1010 Λ
1516 951 1594 1010 Η
1612 941 1688 1011 τὸ
1718 950 1970 1032 χωρίον
1995 948 2120 1012 τοῦ
2148 953 2213 1011 Α
2221 951 2279 1010 Β
2309 939 2421 1030 ἐφ’

384 1049 664 1138 ἑκάτερα
721 1054 839 1130 τᾶς
886 1058 1056 1137 ΛΗ,
1118 1050 1286 1120 ὥστε
1349 1048 1531 1139 εἶμεν
1586 1049 1662 1118 τὸ
1710 1057 1878 1119 ΜΝ
1925 1059 2077 1120 ἴσον
2130 1055 2223 1144 τῷ
2271 1057 2425 1118 ΑΒ.

387 1159 675 1225 ἐσσείται
731 1154 817 1244 δὴ
873 1162 999 1225 τοῦ
1045 1164 1211 1225 ΜΝ
1258 1159 1538 1245 κέντρον
1592 1160 1714 1225 τοῦ
1771 1156 2013 1246 βάρεος
2063 1155 2140 1225 τὸ
2189 1164 2253 1224 Ε
2308 1177 2426 1224 σα-

278 1279 345 1329 10
383 1276 591 1349 μεῖον.
684 1264 1286 1352 συμπεπληρώσθω
1338 1263 1422 1352 δὴ
1467 1261 1543 1332 τὸ
1591 1266 1740 1352 ΝΞ.
1827 1264 1955 1345 ἕξει
2004 1262 2087 1350 δὴ
2136 1263 2212 1333 τὸ
2261 1271 2436 1331 ΜΝ

382 1369 535 1437 ποτὶ
578 1367 656 1437 τὸ
703 1373 846 1446 ΝΞ
883 1371 1112 1457 λόγον,
1160 1367 1243 1439 ὃν
1291 1369 1333 1438 ἆ
1383 1377 1535 1440 ΛΗ
1570 1370 1721 1438 ποτὶ
1759 1377 1924 1439 ΗΚ.
2009 1361 2159 1459 ἔχει’
2188 1370 2264 1439 δὲ
2307 1370 2427 1436 καὶ

381 1474 458 1543 τὸ
516 1484 648 1543 AB
708 1476 861 1544 ποτὶ
919 1475 996 1545 τὸ
1051 1483 1179 1544 ΓΔ
1236 1474 1360 1544 τὸν
1419 1481 1535 1557 τᾶς
1590 1483 1741 1545 ΛΗ
1790 1476 1942 1545 ποτὶ
1989 1483 2137 1544 ΗΚ
2194 1475 2426 1562 λόγον.

380 1581 493 1649 καὶ
541 1578 631 1663 ὥς
678 1581 810 1670 ἄρα
853 1581 929 1650 τὸ
970 1590 1101 1650 AB
1148 1583 1300 1651 ποτὶ
1329 1588 1478 1668 ΓΔ,
1523 1579 1738 1661 οὕτως
1776 1580 1850 1651 τὸ
1883 1589 2049 1650 ΜΝ
2077 1581 2230 1650 ποτὶ
2267 1584 2424 1657 ΝΞ.

380 1689 493 1756 καὶ
540 1689 839 1771 ἐναλλάξ.
916 1698 1067 1758 ἴσον
1116 1689 1192 1758 δὲ
1237 1687 1312 1757 τὸ
1361 1694 1491 1756 AB
1536 1691 1629 1780 τῷ
1677 1695 1853 1756 ΜΝ.
1929 1697 2080 1757 ἴσον
2125 1687 2261 1777 ἄρα
2305 1689 2424 1755 καὶ

276 1787 345 1861 lb
380 1793 456 1864 τὸ
506 1801 631 1863 ΓΔ
675 1801 766 1888 τῷ
814 1799 964 1873 ΝΞ.
1036 1797 1150 1864 καὶ
1194 1797 1476 1885 κέντρον
1525 1794 1706 1862 ἐστὶν
1754 1793 1965 1863 αὐτοῦ
2010 1799 2132 1864 τοῦ
2178 1793 2426 1884 βάρεος

379 1899 563 1968 τὸΖ
610 1916 905 1989 σαμεῖον.
978 1906 1092 1973 καὶ
1138 1903 1277 1972 ἐπεὶ
1325 1912 1438 1970 ἶσα
1486 1901 1666 1970 ἐστὶν
1714 1898 1757 1968 ἆ
1804 1907 1936 1968 ΛΘ
1977 1904 2060 1990 τᾷ
2106 1907 2259 1988 ΘΚ,
2306 1902 2425 1968 καὶ

384 2005 509 2076 ὅλα
556 2005 597 2073 ἆ
628 2015 769 2076 ΛΚ
811 2009 930 2091 τὰς
974 2008 1382 2079 ἀπεναντίον
1428 2005 1718 2095 πλευρὰς
1756 2011 1909 2095 δίχα
1946 2008 2189 2093 τέμνει,
2237 2010 2418 2091 [τοῦ]

382 2109 550 2179 ὅλου
594 2116 718 2180 τοῦ
745 2121 914 2181 ΠΜ
946 2115 1226 2202 κέντρον
1271 2117 1395 2181 τοῦ
1443 2112 1687 2202 βάρεός
1733 2115 1871 2181 ἐστι
1915 2111 1992 2180 τὸ
2023 2121 2080 2180 Θ
2121 2127 2421 2200 σαμεῖον.

382 2214 551 2284 ἀλλὰ
605 2242 682 2286 το
731 2225 899 2287 ΜΠ
937 2228 1088 2287 ἴσον
1133 2222 1225 2311 τῷ
1274 2220 1342 2299 ἐξ
1389 2219 1786 2306 ἀμφοτέρων
1831 2222 1968 2285 τῶν
2015 2224 2204 2303 ΜΝ,
2263 2221 2420 2294 ΝΞ.

275 2343 347 2392 20
385 2322 554 2392 ὥστε
616 2325 731 2392 καὶ
792 2330 913 2394 τοῦ
970 2327 1037 2406 ἐξ
1094 2323 1493 2414 ἀμφοτέρων
1549 2329 1684 2394 τῶν
1738 2331 1901 2411 ΑΒ,
1957 2329 2024 2392 Γ
2017 2333 2084 2390 Δ
2136 2325 2422 2413 κέντρον

383 2431 521 2498 ἐστὶ
565 2435 689 2499 τοῦ
736 2430 977 2520 βάρεος
1021 2429 1098 2499 τὸ
1148 2437 1206 2497 Θ
1252 2439 1551 2518 σαμείὀν.

527 2653 577 2699 3.
617 2640 715 2716 δή]
764 2643 987 2714 scripsi,
1043 2645 1107 2698 δε
1159 2643 1227 2710 F,
1276 2644 1468 2713 uulg0.
1651 2643 1781 2715 τᾶν]
1819 2663 1930 2697 των
1942 2660 2079 2769 2per
2125 2661 2303 2714 comp.
2343 2645 2416 2709 F3

385 2733 525 2772 corr.
566 2715 862 2770 Torellius.
1006 2721 1056 2768 4.
1100 2715 1238 2785 ΗΕ]
1282 2719 1344 2768 H
1349 2716 1399 2768 Θ
1426 2714 1496 2782 F3
1537 2731 1674 2770 corr.
1713 2721 1972 2769 manus2
2130 2733 2286 2770 εσται
2355 2734 2420 2771 er

384 2803 547 2857 comp
601 2786 661 2855 F,
699 2787 891 2857 uulgo,
927 2788 993 2840 ut
1027 2785 1125 2841 lin.
1166 2792 1215 2842 9.
1385 2790 1434 2840 5.
1474 2805 1614 2854 προς
1649 2803 1750 2855 per
1787 2803 1966 2856 comp.
2003 2787 2071 2854 F,
2125 2804 2267 2843 corr.
2305 2734 2418 2842 'fo-

382 2859 594 2925 rellius,
632 2860 697 2914 ut
734 2873 955 2927 semper
981 2858 1134 2913 hac
1117 2877 1176 2913 m
1204 2856 1430 2927 pagina.
1554 2858 1866 2943 1[χωρίον]
1902 2876 2138 2925 σαμειον
2165 2859 2235 2925 F3
2273 2876 2414 2916 corr.

385 2928 678 2985 Toranius,
859 2930 987 3012 τοῦ]
1034 2926 1096 2984 τό
1136 2928 1435 2983 Toranius·
1619 2933 1698 2982 10.
1740 2925 1837 2998 δή]
1887 2929 1949 2983 δε
1988 2929 2056 2995 F3
2115 2946 2251 2986 corr.
2304 2930 2417 2985 Το-

382 3000 591 3054 rellius.
740 3005 822 3054 17.
860 2999 961 3053 τοῦ
1000 3000 1177 3055 delen.
