2659 3967
711 129 806 184 DE
847 127 1252 185 PLANORUM
1289 127 1782 196 AEQUILIBRIIS
1819 129 1889 186 II.
2183 129 2315 194 199

269 277 488 350 ‚lineas
537 279 721 360 MN,
767 271 894 354 ‘201
942 273 1248 339 similiter
1294 271 1661 360 diuident.¹)
1754 279 1821 340 et
1867 274 2067 339 etiam
2112 275 2323 340 trian-

271 383 586 467 gulorum
613 385 754 446 ΗΒ
767 385 840 466 Θ,
879 385 946 445 Χ
951 385 1099 444 ΟΨ
1131 384 1354 444 centra
1392 381 1794 464 grauitatum
1831 381 1904 444 in
1939 381 2128 450 lineis
2157 384 2317 466 BN,

273 493 390 556 OQ
418 489 742 554 similiter
786 488 1006 572 posita
1053 482 1319 572 erunt.2)
1402 485 1623 570 itaque
1669 487 1956 570 trapezia
2002 489 2068 550 et
2114 487 2321 555 trian-

273 595 423 680 guli
452 595 724 660 eandem
749 594 1072 658 rationem
1099 588 1420 677 habent.·⁹’)
1488 592 1759 675 adparet
1786 589 2080 678 igitur4),
2115 593 2319 658 etiam

267 702 483 766 totius
549 702 798 786 figurae
861 699 1236 764 rectilineae
1303 702 1646 782 segmento
1702 701 1909 762 ΑΒΓ
1963 699 2319 783 inscriptae

267 811 576 873 centrum
643 807 987 890 grauitatis
1052 806 1296 870 lineam
1350 810 1488 898 BA
1543 806 1843 871 similiter
1898 805 2183 870 diuidere
2239 827 2317 870 ac

266 913 526 998 figurae
586 918 926 1000 segmento
972 912 1184 986 ΞΟΠ
1221 912 1913 995 inscriptae-centrum
1961 913 2315 996 grauitatis

267 1019 519 1084 lineam
572 1024 716 1106 0P;
763 1019 936 1104 quod
983 1021 1124 1082 erat
1170 1014 1823 1104 demonstrandum.⁵)
1858 1098 1863 1104 .

1235 1211 1352 1276 IV.

414 1334 718 1402 Cuiusuis
765 1337 1087 1422 segmenti
1135 1336 1587 1419 comprehensi
1630 1336 1805 1401 linea
1850 1340 2031 1400 recta
2078 1340 2143 1400 et
2182 1359 2317 1402 sec-

263 1443 458 1508 tione
519 1443 666 1508 coni
721 1442 1090 1528 rectanguli
1145 1446 1439 1524 centrum
1488 1443 1834 1528 grauitatis
1881 1443 1949 1506 in
1996 1442 2315 1508 diametro

267 1547 604 1632 segmenti
650 1549 940 1632 positum
988 1551 1108 1612 est.

412 1654 500 1718 sit
546 1657 752 1718 ΑΒΓ
790 1657 1216 1738 segmentum,
1263 1654 1455 1737 quale
1502 1652 1801 1737 diximus,
1848 1656 2027 1719 cuius
2075 1654 2319 1720 diame-

267 1763 420 1832 trus
461 1760 550 1825 sit
587 1763 742 1824 BA.
807 1759 1404 1843 demonstrandum,
1442 1759 1763 1843 segmenti
1800 1758 1977 1824 illius
2016 1763 2315 1824 centrum

269 1866 626 1950 grauitatis
671 1866 742 1929 in
786 1865 963 1930 linea
1008 1868 1147 1929 BA
1191 1865 1479 1952 positum
1527 1886 1686 1928 esse.

413 1994 566 2036 nam
614 1972 671 2036 si
713 1994 849 2036 non
894 1975 1020 2055 est,
1077 1973 1164 2036 sit
1211 1977 1296 2056 E,
1344 1975 1411 2036 et
1454 1995 1572 2057 per
1616 1972 1681 2036 id
1727 1972 1935 2036 lineae
1984 1975 2121 2036 BA
2166 1994 2317 2056 par-

265 2077 472 2142 allela
549 2078 820 2142 ducatur
882 2077 1055 2141 linea
1119 2082 1274 2154 Ez„
1364 2083 1431 2142 et
1506 2082 1847 2162 segmento
1920 2077 2317 2143 inscribatur

265 2185 649 2270 triangulus
679 2187 886 2249 ΑΒΓ
925 2185 1194 2248 eandem
1240 2184 1455 2248 basim
1501 2184 1750 2249 habens
1800 2188 1863 2248 et
1902 2183 2313 2249 altitudinem

263 2290 628 2373 aequalem.
686 2293 752 2354 et
779 2290 867 2354 sit
893 2293 1141 2354 ΓΖεΔ
1151 2293 1206 2354 Ζ
1227 2296 1397 2354 =A
1407 2293 1464 2354 B
1476 2293 1541 2354 Γ
1552 2313 1567 2354 z
1588 2293 1671 2354 K.
1725 2294 2063 2373 praeterea
2099 2290 2313 2375 figura

269 2395 615 2460 rectilinea
681 2400 1017 2480 segmento
1083 2398 1348 2480 proprie
1402 2396 1828 2484 inscribatur,
1891 2397 1987 2460 ita
2043 2400 2115 2461 ut
2169 2417 2313 2482 seg-

265 2505 498 2567 menta
562 2502 814 2586 reliqua
877 2503 1088 2586 spatio
1146 2505 1215 2566 K
1275 2503 1530 2567 minora
1594 2502 1727 2567 sint
1795 2503 1881 2581 [u.
1944 2501 2314 2583 Eutocius].

265 2609 496 2692 itaque
542 2608 790 2692 figurae
828 2608 1202 2672 rectilineae
1235 2608 1589 2692 inscriptae
1628 2611 1922 2674 centrum
1960 2608 2312 2692 grauitatis

267 2713 346 2776 in
400 2713 574 2776 linea
618 2714 757 2775 BA
810 2712 1099 2795 positum
1157 2716 1257 2776 est
1304 2714 1512 2796 [prop.
1558 2712 1647 2792 2].
1740 2711 1828 2776 sit
1871 2716 2186 2794 punctum
2234 2717 2311 2798 Θ,

267 2822 341 2882 et
387 2818 660 2883 ducatur
705 2818 878 2882 linea
914 2813 1045 2881 ΘΕ
1079 2820 1146 2881 et
1181 2817 1595 2900 producatur,
1641 2819 1708 2880 et
1742 2816 1953 2880 lineae
1991 2820 2130 2881 BA
2165 2840 2313 2902 par-

423 2977 476 3044 1)
514 2974 622 3029 cfr.
661 2992 716 3043 p.
759 2979 860 3028 197
897 2979 1013 3027 not..
1055 2979 1102 3027 2.

416 3051 472 3112 2)
509 3045 594 3098 Ex
629 3045 670 3110 Ι,
713 3049 780 3097 14
817 3044 876 3098 et
912 3043 1148 3099 Eutocio
1187 3043 1260 3098 ad
1296 3043 1339 3109 I,
1382 3047 1463 3096 15.

417 3118 475 3185 3)
512 3115 660 3168 Nam
715 3131 842 3168 cum
895 3114 1147 3184 trapezia
1198 3112 1598 3182 respondentia
1653 3115 1711 3168 et
1764 3113 2052 3185 triangula
2099 3115 2309 3172 similia

262 3185 414 3253 sint,
463 3203 556 3240 eas
592 3186 840 3240 rationes
873 3185 1111 3253 habent,
1159 3201 1296 3254 quas
1333 3182 1518 3238 latera
1554 3185 1829 3252 quadrata
1866 3187 2045 3254 (Eucl.
2080 3187 2174 3254 VI,
2214 3193 2307 3257 20)

261 3273 326 3311 3:
357 3256 499 3312 ΑΓ2
527 3278 541 3310 =
571 3256 740 3324 511²,
779 3253 925 3310 EK¹
957 3277 969 3309 ε
1000 3255 1147 3310 ΣΤῖ
1183 3257 1332 3321 cett,
1372 3271 1514 3324 quae
1551 3257 1817 3324 aequales
1855 3259 1998 3313 sunt.

417 3330 472 3396 4)
508 3326 592 3381 Ex
629 3327 672 3396 I,
712 3332 869 3381 6-7.
932 3326 1157 3381 omnino
1195 3344 1248 3382 u.
1286 3325 1527 3380 Nimius,

419 3400 474 3468 5)
509 3397 669 3453 Hanc
713 3397 1157 3467 propositionem
1204 3397 1380 3452 etiam
1426 3397 1498 3452 de
1536 3397 1840 3467 segmentis
1876 3415 1990 3454 non
2028 3397 2311 3454 similibus

263 3485 468 3524 ueram
503 3471 642 3538 esse,
680 3468 926 3524 ostendit
963 3466 1184 3523 Nizzius
1219 3485 1275 3538 p.
1315 3473 1385 3522 30
1412 3471 1473 3524 θ.
