2659 3967
890 173 1303 227 HPOBAHMA
1339 148 1681 228 Bossmon‘r.
1844 132 1848 136 ”
2165 171 2304 238 455

264 299 485 395 ἁπλᾶς
530 314 776 406 Ιγφιῃῖ
824 316 935 383 καὶ
982 314 1282 403 μονάδας
1329 316 1489 407 ,ζμῖ
1572 323 1691 385 καί
1732 319 1868 385 ἐστι
1915 312 1990 384 τὸ
2038 318 2311 401 πλῆθος

266 426 409 493 τῶν
474 426 918 510 λευκοτρίχων
977 422 1251 510 ταύρων
1306 430 1461 491 ἴσον
1514 427 1607 515 τῷ
1661 420 1885 510 ἡμίσει
1939 421 2051 489 καὶ
2103 425 2306 510 τρίτῳ

272 530 456 618 μέρει
509 532 634 598 τοῦ
688 527 994 615 πλήθους
1046 532 1183 599 τῶν
1236 528 1678 617 κυανοχρόων
1728 528 2003 616 ταύρων
2048 526 2160 594 καὶ
2211 531 2310 595 ἔτι

252 634 397 724 ’ὅλῃ
444 640 525 723 τῇ
572 638 707 704 τῶν
746 636 1329 728 ξανθοχρωμάτων
1367 633 1596 724 ἀγέλῃ,
1641 633 1720 704 τὸ
1759 634 1834 705 δὲ
1871 638 2134 721 πλῆθος
2169 637 2308 702 τῶν

268 734 857 828 κυανοχρωμάτων
922 749 1074 810 ἴσον
1139 746 1230 835 τῷ
1285 740 1574 833 τετάρτῳ
1629 742 1742 809 καὶ
1795 742 2065 832 πέμπτῳ
2124 740 2310 827 μέρει

267 851 410 915 τῶν
456 853 967 937 ποικιλοτρίχων
978 848 1032 936 ¹)
1079 848 1350 936 ταύρων
1397 848 1510 916 καὶ
1556 846 1692 939 ὅλῳ
1738 849 1830 941 τῷ
1877 847 2124 934 πλήθει
2171 848 2309 914 τῶν

274 952 885 1041 ξανθοχρωμάτων,
922 952 998 1023 τὸ
1039 953 1116 1022 δὲ
1151 959 1416 1041 πλῆθος
1451 956 1588 1022 τῶν
1615 958 2126 1041 ποικιλοτρίχων
2155 950 2310 1019 ταύ-

271 1086 417 1148 ,ρων
465 1067 617 1128 ἴσον
662 1063 754 1151 τῷ
801 1060 965 1149 ἕκτῳ
1011 1061 1122 1127 καὶ
1160 1060 1428 1153 ἑβδόμῳ
1465 1061 1651 1147 μέρει
1685 1065 1823 1129 τῶν
1860 1063 2311 1147 λευκοτρίχων

266 1168 543 1254 ταύρων
596 1167 708 1234 καὶ
764 1171 860 1235 ἔτι
904 1171 996 1259 τῶ
1041 1167 1289 1255 πλήθει
1337 1165 1472 1259 ὅλῳ
1521 1166 2106 1255 ξανθοχρωμάτων
2151 1163 2311 1234 ταύ-

274 1299 439 1360 ρων,
485 1271 596 1341 καὶ
642 1272 847 1342 πάλιν
890 1272 967 1341 τὸ
1014 1278 1280 1360 πλῆθος
1323 1272 1462 1342 τῶν
1506 1276 1766 1342 λευκῶν
1809 1276 2109 1359 θηλειῶν
2156 1279 2312 1339 ἴσον

271 1383 368 1469 τῷ
434 1384 632 1469 τρίτῳ
696 1378 809 1445 καὶ
872 1378 1159 1470 τετάρτῳ
1227 1381 1411 1467 μέρει
1478 1376 1638 1465 ὅλης
1700 1383 1820 1465 τῆς
1873 1377 2113 1464 ἀγέλης
2171 1381 2311 1446 τῶν

270 1483 737 1570 κυανοχρόων,
782 1481 861 1552 τὸ
906 1482 982 1573 δὲ
1026 1489 1163 1554 τῶν
1208 1482 1646 1572 κυανοχρόων
1694 1492 1846 1554 ἴσον
1890 1488 1983 1576 τῷ
2019 1483 2311 1575 τετάρτῳ

274 1591 390 1657 καὶ
436 1591 706 1680 πέμπτῳ
753 1589 937 1676 μέρει
972 1592 1091 1676 τῆς
1127 1587 1288 1675 ὅλης
1325 1588 1568 1677 ἀγέλης
1601 1593 1739 1659 τῶν
1775 1594 2313 1677 ποικιλοτρίχων,

271 1696 354 1764 τὸ
413 1694 489 1763 δὲ
540 1698 680 1764 τῶν
734 1701 1243 1784 ποικιλοτρίχων
1300 1702 1454 1764 ἴσον
1506 1700 1599 1788 τῷ
1653 1696 1923 1787 πέμπτῳ
1977 1694 2090 1762 καὶ
2147 1696 2312 1786 ἕκτῳ

278 1803 466 1890 μέρει
511 1804 629 1889 τῆς
675 1798 836 1887 ὅλης
879 1804 1016 1870 τῶν
1063 1802 1340 1882 ξανθῶν
1388 1805 1590 1887 βοῶν.
1681 1799 1886 1870 πάλιν
1935 1800 2010 1869 δὲ
2053 1798 2130 1869 τὸ
2175 1804 2315 1869 τῶν

280 1909 556 1989 ξανθῶν
592 1911 891 1994 θηλειῶν
928 1912 1191 1994 πλῆθος
1226 1898 1315 1994 ἦν
1355 1916 1506 1975 ἴσον
1542 1912 1634 2001 τῷ
1675 1909 1838 2000 ἕκτῳ
1869 1906 2012 1997 16²)
2057 1907 2170 1974 καὶ
2207 1906 2316 1992 ἕβ-

276 2014 469 2105 δόμῳ
525 2015 707 2101 μέρει
761 2017 879 2101 τῆς
925 2012 1085 2100 ὅλης
1137 2011 1381 2100 ἀγέλης
1423 2016 1558 2081 τῶν
1604 2017 1863 2081 λευκῶν
1907 2016 2110 2099 βοῶν.
2202 2012 2317 2081 καὶ

274 2116 322 2205 ἡ
397 2119 521 2204 μὲν
584 2116 788 2205 ἀγέλη
853 2122 989 2189 τῶν
1051 2125 1497 2209 λευκοτρίχων
1561 2118 1832 2207 ταύρων
1894 2118 2006 2185 καὶ
2069 2116 2110 2205 ἡ
2175 2123 2316 2186 τῶν

274 2223 718 2313 κυανοχρόων
798 2224 1067 2313 ταύρων
1153 2235 1555 2295 συντεθεῖσα
1635 2238 1817 2293 ποιεῖ
1891 2224 2317 2315 τετράγωνον

276 2329 614 2420 ἀριθμόν,
670 2328 712 2417 ἡ
775 2328 841 2399 δ’
892 2328 1096 2418 ἀγέλη
1144 2338 1281 2401 τῶν
1328 2333 1791 2421 ξανθοτρίχων
1836 2331 2105 2420 ταύρων
2152 2332 2315 2420 μετὰ

273 2442 397 2524 τῆς
461 2436 703 2525 ἀγέλης
754 2442 891 2508 τῶν
946 2438 1437 2527 ποικιλοχρόων
1493 2447 1895 2508 συντεθεῖσα
1948 2447 2132 2507 ποιεῖ
2179 2443 2320 2527 τρί-

278 2556 539 2631 γωνον,
605 2543 697 2624 ὥς
754 2550 887 2632 ἔχει
940 2544 1021 2613 τὰ
1076 2550 1213 2616 τῶν
1267 2542 1727 2631 ὑποκειμένων
1781 2543 2094 2613 κανόνων
2149 2540 2310 2613 καθ’

276 2652 563 2717 ἕκαστον
610 2653 858 2737 χρῶμα.

432 2863 483 2929 1)
520 2856 929 2929 ποικιλοχρόων
965 2860 1336 2917 Hermannun.

427 2934 482 3001 2)
519 2950 577 2987 τε
619 2947 728 2985 om.
765 2930 1135 2987 Hel-mannus.

1086 3151 1514 3159 ———————
