2659 3967
426 183 561 248 352
880 181 1496 234 TETPArsamzuoz:
1529 181 2002 232 ΠΑΡΔΒΟΔΗΣ.

426 334 575 411 λον,
610 322 703 404 ὥς
737 326 1087 411 σύμπαντα
1120 321 1203 390 τὰ
1242 327 1454 410 χωρία
1491 321 1825 390 ἐλάσσονά
1863 324 2046 390 ἐστιν
2083 317 2128 408 ἢ
2165 324 2478 408 ἐπίτριτα
2590 302 2591 344 ³

426 436 553 501 τοῦ
608 436 943 519 μεγίστου.
1030 427 1108 496 τὸ
1156 428 1235 496 δὲ
1278 435 1351 495 Κ
1401 427 1739 516 ἐπίτριτόν
1793 429 1932 496 ἐστι
1975 432 2102 496 τοῦ
2148 434 2482 515 μεγίστου
2592 468 2593 500 1

427 542 699 626 χωρίου.
800 533 927 604 οὐκ
984 533 1119 623 ἄρα
1176 534 1361 603 ἐστὶν
1421 540 1646 620 μεῖζον
1701 531 1780 603 τὸ
1833 541 1982 601 ΛΔ
1989 541 2048 601 Β
2059 539 2192 602 ΕΓ
2245 539 2480 622 τμᾶμα

428 648 553 713 τοῦ
588 651 660 712 Κ
690 648 961 733 χωρίου.
1034 646 1203 709 ἔστω
1240 642 1341 726 δέ,
1385 644 1449 708 εί
1482 639 1804 727 δυνατόν,
1843 645 2148 709 ἔλασσον.
2211 648 2481 710 κείσθω
2594 691 2595 694 ¹

359 763 395 812 5
432 749 517 838 δὴ
562 747 641 819 τό
692 748 815 836 μὲν
865 754 1073 816 ΑΒΓ
1109 753 1444 836 τρίγωνον
1491 755 1645 816 ἴσον
1689 753 1782 842 τῷ
1832 755 1919 834 Ζ,
1971 752 2095 815 τοῦ
2142 747 2222 816 δὲ
2273 755 2334 815 Ζ
2383 750 2485 816 τέ-

427 883 677 946 ταρτον
728 854 807 924 τὸ
854 861 953 940 Η,
1006 855 1119 922 καὶ
1166 851 1416 941 ὁμοίως
1457 859 1583 922 τοῦ
1627 861 1709 922 Η
1740 853 1819 922 τὸ
1863 861 1955 940 Θ,
2007 854 2122 920 καὶ
2167 852 2282 923 ἀεὶ
2329 856 2487 942 ἑξῆς

430 964 756 1047 τνθέσθω,
796 962 921 1042 ἕως
952 988 1039 1028 κα
1072 960 1348 1047 γενήται
1381 960 1460 1029 τὸ
1499 966 1779 1048 ἔσχατον
1807 966 2097 1028 ἔλασσον
2123 965 2248 1041 τᾶς
2275 959 2490 1050 ὑπερ-

433 1073 617 1155 οχᾶς,
664 1059 709 1157 ᾇ
745 1063 1050 1155 ὑπερέχει
1084 1064 1163 1136 τὸ
1200 1073 1272 1134 Κ
1305 1072 1558 1156 χωρίον
1593 1071 1718 1135 τοῦ
1753 1067 2116 1155 τμᾶματος,
2149 1067 2270 1134 καὶ
2309 1073 2489 1136 ἔστω

434 1179 721 1243 ἔλασσον
766 1171 843 1242 τὸ
889 1180 949 1241 Ι.
1022 1177 1204 1241 ἔστιν
1250 1172 1336 1260 δὴ
1381 1171 1466 1240 τὰ
1505 1180 1583 1259 Ζ,
1627 1180 1720 1260 Η,
1764 1180 1845 1259 Θ,
1891 1181 1938 1241 Ι
1976 1179 2190 1261 χωρία
2233 1174 2359 1241 καὶ
2411 1201 2490 1243 το

331 1294 397 1344 10
432 1286 663 1369 τρίτον
707 1283 830 1347 τοῦ
876 1286 923 1347 Ι
965 1281 1262 1368 ἐπίτριτα
1302 1284 1430 1348 τοῦ
1468 1287 1540 1347 Ζ.
1614 1285 1796 1349 ἔστιν
1843 1280 1920 1348 δὲ
1962 1280 2076 1347 καὶ
2119 1277 2198 1348 τὸ
2235 1287 2316 1347 Κ
2356 1287 2496 1349 τοῦ

435 1394 492 1454 Ζ
538 1389 892 1474 ἐπίτριτον.
974 1393 1127 1454 ἴσον
1181 1384 1316 1474 ἄρα
1361 1382 1438 1453 τὸ
1484 1392 1556 1452 Κ
1596 1399 1737 1466 τοῖς
1783 1392 1862 1472 Ζ,
1897 1393 1991 1472 Η,
2026 1392 2108 1471 Θ,
2143 1393 2193 1453 I
2230 1387 2353 1454 καὶ
2393 1393 2492 1480 τῷ
2602 1377 2603 1382 ¹

434 1499 634 1584 τρίτῳ
693 1494 877 1580 μέρει
932 1496 1055 1562 τοῦ
1099 1495 1169 1560 Ι.”
1253 1493 1396 1560 ἐπεὶ
1451 1483 1581 1560 οὖν
1635 1490 1711 1560 τὸ
1757 1499 1829 1559 Κ
1869 1497 2122 1584 χωρίον
2164 1497 2312 1561 τῶν
2360 1494 2496 1580 μὲν
2604 1515 2605 1520 ’

436 1607 515 1686 Ζ,
559 1606 653 1686 Η,
678 1595 779 1686 Θ,
824 1607 871 1668 Ι
911 1605 1179 1688 χωρίων
1224 1596 1532 1686 ὑπερέχει
1576 1597 1895 1667 ἐλάσσονι
1940 1603 2064 1666 τοῦ
2109 1606 2184 1685 Ι,
2229 1605 2366 1668 τοῦ
2417 1602 2496 1669 δὲ

434 1705 773 1794 τμάματος
825 1712 1078 1793 μείζονι
1131 1708 1256 1772 τοῦ
1300 1711 1374 1790 Ι,
1429 1708 1674 1790 δῆλον,
1729 1702 1822 1784 ὥς
1873 1703 2144 1791 μείζονά
2203 1708 2350 1774 ἐντι
2407 1706 2492 1773 τὰ

224 1871 232 1876 .
335 1828 401 1880 15
441 1821 527 1900 Ζ,
583 1818 685 1899 Η,
742 1819 829 1898 Θ,
884 1819 931 1879 Ι
996 1817 1209 1900 χωρία
1266 1814 1390 1879 τοῦ
1448 1808 1808 1898 τμάματος·
1886 1809 2049 1899 ὅπερ
2109 1809 2490 1881 ἀδύνατον.
2608 1903 2609 1912 ¹

436 1923 709 2007 ἐδείχθη
757 1917 909 2008 γάρ,
957 1915 1082 2003 ὅτι,
1129 1916 1250 1985 ἐὰν
1293 1908 1338 2005 ᾗ
1386 1914 1736 1985 ὁποσαοῦν
1769 1923 1983 2006 χωρία
2019 1918 2168 2004 ἑξῆς
2203 1923 2492 2006 κείμενα

437 2029 512 2096 ἐν
557 2029 1070 2115 τετραπλασίονι
1117 2023 1322 2117 λόγῳ,
1367 2021 1446 2090 τὸ
1491 2021 1570 2090 δὲ
1614 2025 1929 2110 μέγιστον
1975 2031 2128 2092 ἴσον
2167 2016 2212 2113 ᾖ
2251 2029 2353 2118 τῷ
2393 2030 2492 2105 εἰς
2610 2059 2611 2072 2

434 2131 513 2202 τὸ
557 2135 784 2218 τμᾶμα
828 2131 1309 2222 ἐγγραφομένῳ
1355 2128 1693 2221 τριγώνῳ,
1738 2129 1820 2197 τὰ
1867 2130 2222 2218 σύμπαντα
2267 2136 2490 2220 χωρία
2609 2183 2611 2188 -

438 2238 773 2308 ἐλάσσονα
810 2239 1099 2305 ἐσσείται
1134 2241 1259 2305 τοῦ
1286 2236 1644 2323 τμᾶματος.
1707 2234 1834 2305 οὐκ
1861 2235 1995 2325 ἄρα
2021 2236 2098 2305 τὸ
2130 2245 2275 2305 ΑΔ
2283 2245 2350 2306 Β
2362 2245 2496 2306 ΕΓ

333 2360 403 2410 20
439 2347 664 2432 τμᾶμα
718 2341 1007 2411 ἔλασσόν
1064 2345 1200 2411 ἐστι
1244 2347 1370 2410 τοῦ
1416 2349 1488 2410 Κ
1529 2348 1798 2430 χωρίου.
1891 2346 2166 2430 ἐδείχθη
2213 2345 2326 2430 δέ,
2387 2343 2488 2413 ὅτι

441 2449 606 2521 οὐδὲ
650 2454 894 2536 μεῖζον.
968 2454 1122 2516 ἴσον
1165 2446 1300 2536 ἄρα
1346 2449 1526 2517 ἐστὶν
1571 2452 1664 2541 τῷ
1710 2455 1795 2516 Κ.
1865 2446 1944 2517 τὸ
1989 2449 2067 2518 δὲ
2111 2456 2183 2517 Κ
2225 2457 2488 2539 χωρίον

438 2556 779 2648 ἐπίτριτόν
808 2559 945 2625 ἐστι
972 2557 1095 2623 τοῦ
1122 2553 1463 2645 τρνγώνου
1488 2559 1612 2623 τοῦ
1631 2561 1846 2624 ΑΒΓ.
1892 2566 2006 2623 καὶ
2031 2554 2109 2624 τὸ
2131 2564 2196 2623 Α
2205 2565 2278 2624 Δ
2285 2565 2350 2625 Β
2363 2565 2496 2626 ΕΓ

438 2664 572 2756 ἄρα
616 2668 841 2752 τμᾶμα
887 2661 1223 2752 ἐπίτριτόν
1270 2663 1404 2729 ἐστι
1455 2665 1578 2728 τοῦ
1623 2666 1828 2729 ΑΒΓ
1864 2661 2218 2749 τριγώνου.

585 2867 635 2916 3.
674 2879 863 2930 τμημα
908 2859 981 2924 F3
1029 2873 1165 2913 corr.
1213 2854 1518 2924 Torellius,
1565 2857 1634 2910 ut
1665 2847 1764 2910 lin.
1807 2861 1866 2923 8,
1905 2863 1999 2927 14,
2041 2862 2132 2924 15,
2176 2863 2271 2926 18,
2313 2861 2489 2930 ωσι),

441 2939 538 3001 20,
576 2937 663 2988 23.
846 2936 894 2984 7.
947 2928 1053 2991 ἕως
1098 2948 1174 2982 κα
1258 2922 1480 2997 ενήται]
1532 2925 1754 2996 scripsi3
1802 2944 1942 2982 ωστε
1989 2946 2380 2998 καταγενηται
2429 2932 2489 2998 F,

439 3003 631 3072 uulgo,
814 3006 865 3056 9.
905 2997 1167 3070 ἔλασσον]
1240 3015 1445 3067 σχατον
1479 2995 1720 3054 Nizzius.
1904 2993 2026 3121 δηἸ3
2042 2997 2264 3068 scripsi3
2315 3002 2388 3056 δε
2429 3002 2494 3071 F,

440 3074 634 3143 uulgo,
745 3076 831 3127 11.
869 3071 971 3143 τῷ]
1010 3089 1074 3124 το
1111 3070 1173 3126 F.
1302 3074 1386 3124 12.
1424 3067 1560 3139 τῶν]
1599 3089 1676 3122 τω
1703 3069 1773 3137 F;
1813 3085 1950 3127 corr.
2039 3068 2100 3125 C.
2210 3075 2302 3125 23.
2341 3068 2490 3145 ἄρα]

443 3197 554 3236 om.
589 3178 662 3246 F;
701 3195 841 3234 corr,
878 3175 1173 3231 ToreIIiUS.
1256 3175 1320 3229 In
1357 3175 1467 3230 fine
1503 3175 1576 3228 F:
1615 3159 1994 3245 Αρχιμηδεουε
2033 3194 2494 3249 τετραγωνισμος

441 3251 792 3376 παραβολης·
833 3264 1126 3334 ευτυχοιηε
1152 3251 1287 3335 λεον
1310 3263 1626 3315 γεωμετραε
1662 3277 1728 3286 -
1751 3247 1818 3315 4-
1839 3241 2078 3308 πολλοὺς
2107 3242 2171 3301 ἒσ
2199 3245 2494 3320 λυκάβαν·

414 3343 543 3385 ,τας
603 3339 693 3376 οισ
728 3323 871 3376 univ
910 3320 1141 3389 φίλτατε
1180 3333 1431 3388 μουσαις.
