2659 3967
448 183 578 252 272
815 150 820 153 ’
1258 185 1674 238 mmmm.

448 324 578 394 ἀπὸ
640 325 716 394 δὲ
779 330 898 406 τᾶς
956 324 1254 412 μονάδος
1311 320 1542 411 ἀφέξει
1604 324 1706 392 ἑνὶ
1768 325 2155 414 έλαττόνας,
2218 325 2261 414 ἢ
2324 327 2483 408 ὅσος

450 433 632 501 ἐστὶν
679 429 716 501 6
755 429 1050 521 ἀριθμὸς
1085 431 1639 519 συναμφοτέρων,
1662 429 1807 512 ὀὓς
1842 430 2159 520 ἀπέχοντι
2195 431 2326 503 ἀπὸ
2365 461 2481 522 μο-

373 542 408 605 7
447 539 659 620 νάδος
733 542 807 636 οἱ
873 536 1563 618 πολλαπλασιαξάντες
1627 536 1975 620 ἀλλάλους.
2078 547 2288 610 ἔστων
2351 540 2483 628 γὰρ

381 767 412 818 5

452 644 744 732 ἀριθμοί
781 671 959 727 τινες
1003 643 1349 732 ἀνάλογον
1396 641 1525 713 ἀπὸ
1574 647 1890 733 μονάδος,
1940 650 2012 715 oc
2043 656 2129 733 A,
2166 655 2245 733 Β,
2284 654 2362 735 Γ,
2393 657 2482 734 A,

451 761 539 839 E,
591 759 676 838 Ζ,
721 759 812 837 Η,
860 759 938 838 Θ,
985 760 1048 838 Ι,
1095 759 1183 838 Κ,
1233 759 1318 838 Λ,
1365 749 1575 837 μονὰς
1622 750 1696 820 δὲ
1742 757 1909 821 ἔστω
1958 750 1997 821 6
2046 761 2124 822 A.
2216 753 2326 821 καὶ
2372 777 2486 822 πε·-

449 858 1066 928 πολλαπλασιάσθω
1113 855 1150 926 6
1191 866 1258 925 A
1295 861 1386 949 τῷ
1416 863 1491 942 Θ,
1540 854 1577 925 6
1620 857 1694 925 δὲ
1731 857 2093 944 γενόμενος
2130 864 2296 928 ἔστω
2336 857 2373 927 6
2406 867 2484 928 X.

449 963 772 1050 λελάφθω
832 963 916 1051 δὴ
975 968 1046 1033 ἐκ
1101 968 1219 1045 τᾶς
1263 961 1626 1049 ἀναλογίας
1672 962 1709 1032 6
1758 971 1821 1032 Λ
1866 963 2133 1052 ἀπέχων
2180 965 2311 1034 ἀπὸ
2360 971 2486 1035 τοῦ

451 1078 508 1138 Θ
543 1069 929 1155 τοσούτους,
969 1067 1172 1149 ὅσους
1211 1067 1246 1137 6
1279 1079 1347 1136 A
1383 1067 1511 1141 ἀπὸ
1542 1068 1840 1155 μονάδος
1866 1067 2109 1159 ἀπέχει.
2162 1075 2517 1182 δεικτέον,ἱ
2630 1117 2632 1126 ·

451 1174 554 1244 ὅτι
601 1183 746 1256 ἴσος
790 1176 971 1244 ἐστὶν
1019 1173 1056 1244 6
1097 1183 1166 1244 X
1201 1179 1292 1266 τῷ
1331 1181 1410 1242 Λ.
1484 1175 1623 1243 ἐπεὶ
1672 1167 1799 1243 οὖν
1845 1174 2189 1263 ἀνάλογον
2228 1178 2486 1247 ἐόντων

351 1297 417 1346 10
455 1280 771 1369 ἀριθμῶν
828 1289 1016 1361 ἴσους
1069 1277 1296 1369 ἀπέχει
1354 1279 1392 1348 ὅ
1442 1306 1513 1348 τε
1561 1290 1628 1347 A
1674 1278 1806 1349 ἀπὸ
1852 1285 1977 1350 τοῦ
2022 1292 2116 1368 Α,
2172 1283 2285 1350 καὶ
2332 1281 2369 1351 6
2422 1291 2485 1352 A

373 1707 412 1772 8

346 1829 411 1878 15

328 2359 412 2419 ,20

451 1387 580 1454 ἀπὸ
635 1391 758 1457 τοῦ
805 1395 891 1473 Θ,
947 1384 1068 1456 τὸν
1125 1385 1335 1456 αὐτὸν
1386 1391 1517 1473 ἔχει
1574 1384 1781 1473 λόγον
1828 1385 1867 1457 6
1916 1395 1983 1454 A
2027 1388 2179 1456 ποτὶ
2224 1387 2346 1457 τὸν
2395 1399 2484 1475 Α,

452 1490 533 1561 ὃν
581 1489 618 1560 6
659 1499 722 1560 A
767 1492 919 1560 ποτὶ
955 1490 1074 1560 τὸν
1104 1497 1178 1560 Θ.
1269 1498 1783 1562 πολλαπλασίων
1831 1494 1910 1560 δέ
1954 1495 2133 1562 ἐστιν
2180 1491 2217 1563 6
2251 1503 2319 1562 A
2353 1499 2483 1563 τοῦ

451 1609 515 1668 A
541 1603 634 1691 τῷ
665 1606 750 1666 Δ.
799 1602 1312 1666 πολλαπλασίων
1348 1594 1483 1684 ἄρα
1521 1597 1702 1664 ἐστὶν
1729 1598 1841 1666 καὶ
1872 1595 1907 1666 6
1941 1606 2002 1666 A
2037 1604 2159 1668 τοῦ
2187 1608 2245 1668 Θ
2272 1605 2365 1693 τῷ
2400 1610 2486 1668 A.

451 1704 618 1775 (ὅστε
666 1713 812 1785 ι’σος
858 1704 1038 1772 ἐστὶν
1087 1701 1124 1772 6
1171 1711 1233 1772 A
1277 1706 1365 1794 τῷ
1414 1710 1492 1770 Χ.
1584 1707 1796 1790 δῆλον
1844 1696 2004 1793 οὖν,
2052 1704 2156 1774 ὅτι
2203 1703 2240 1774 6
2287 1707 2485 1793 γενό-

449 1839 651 1899 μενος
698 1814 770 1880 ἐκ
815 1815 933 1891 τᾶς
969 1807 1328 1896 ἀναλογίας
1362 1809 1439 1876 τέ
1472 1811 1651 1878 ἐστιν
1696 1809 1809 1877 καὶ
1848 1808 1980 1879 ἀπὸ
2018 1816 2141 1880 τοῦ
2176 1814 2485 1898 μείζονος

449 1922 586 1986 τῶν
621 1913 1340 1996 πολλαπλασιαξάντων
1370 1911 1705 1995 ἀλλάλους
1733 1923 1921 1994 ἴσους
1948 1912 2238 2004 ἀπέχων,
2278 1916 2487 1998 ὅσους

451 2021 488 2092 6
537 2023 826 2092 ἐλάττων
873 2019 1004 2090 ἀπὸ
1051 2025 1168 2101 τᾶς
1212 2019 1506 2107 μονάδος
1550 2019 1797 2108 ἀπέχει.
1880 2019 2183 2109 φανερὸν
2230 2023 2326 2108 δέ,
2378 2022 2484 2092 ὅτι

449 2128 562 2196 καὶ
617 2126 748 2197 ἀπὸ
799 2129 1096 2215 μονάδος
1139 2125 1363 2214 ἀπέχει
1410 2127 1512 2195 ἑνὶ
1560 2129 1944 2213 ἐλαττόνας,
2002 2123 2043 2214 ἢ
2094 2125 2251 2208 ὅσος
2298 2131 2485 2199 ἐστὶν

451 2231 486 2302 6
547 2232 841 2322 ἀριθμὸς
886 2233 1440 2320 συναμφοτέρων,
1498 2230 1617 2313 οὓς
1664 2231 1975 2321 ἀπέχοντι
2022 2231 2153 2302 ἀπὸ
2200 2239 2320 2317 τᾶς
2364 2264 2483 2324 μο-

449 2339 658 2420 νάδος
704 2342 774 2409 οἱ
816 2349 904 2428 A,
953 2348 1026 2408 Θ.
1099 2342 1168 2407 οἱ
1205 2337 1328 2426 μὲν
1374 2337 1505 2426 γὰρ
1553 2348 1639 2425 A,
1685 2346 1767 2425 Β,
1811 2345 1889 2425 Γ,
1928 2347 2018 2426 Λ,
2056 2348 2136 2426 Ε,
2178 2347 2252 2427 Ζ,
2291 2348 2383 2428 Η,
2426 2349 2483 2410 Θ

447 2447 758 2516 τοσούτοι
806 2449 974 2530 ἐντί,
1029 2443 1226 2524 ὅσους
1273 2442 1310 2512 6
1360 2452 1418 2512 Θ
1462 2442 1596 2513 ἀπὸ
1645 2444 1940 2531 μονάδος
1984 2442 2242 2533 ἀπέχει,
2290 2450 2361 2515 οἱ
2406 2447 2485 2516 δὲ

447 2559 495 2620 Ι
499 2604 519 2637 ,
567 2559 662 2637 Κ,
710 2558 773 2619 A
829 2553 931 2622 ένὶ
987 2549 1352 2638 έλαττόνες,
1416 2547 1460 2638 ἢ
1518 2549 1722 2633 ὅσους
1776 2550 1811 2620 6
1872 2560 1937 2621 A
1992 2549 2125 2620 ἀπὸ
2180 2553 2483 2640 μονάδος

449 2655 705 2744 ἀπέχει·
779 2656 910 2726 σὺν
955 2658 1085 2745 γὰρ
1129 2660 1218 2749 τῷ
1267 2664 1325 2724 Θ
1369 2656 1683 2726 τοσούτοι
1730 2659 1885 2727 ἐντί.

596 2825 640 2874 1.
681 2823 990 2881 ελαττωνας
1024 2816 1085 2874 Ἐ.
1229 2821 1278 2870 2.
1319 2811 1376 2886 6]
1417 2815 1633 2884 addidi3
1674 2833 1782 2871 om.
1820 2815 1882 2885 F,
1919 2816 2108 2903 uulgo.
2232 2812 2356 2888 οὓς]
2398 2839 2475 2882 ως

446 2889 518 2956 F3
557 2905 695 2945 corr.
733 2888 948 2945 Wallis.
1075 2905 1357 2972 απεχωντι
1391 2887 1462 2954 F3
1494 2903 1634 2942 corr.
1671 2885 1738 2941 V.
1878 2887 2151 2958 μοναδος]
2232 2889 2457 2952 αδοςἘ

446 2963 510 3014 ub
545 2959 642 3016 lin.
672 2967 723 3028 4,
753 2965 804 3016 8.
910 2965 959 3015 6.
997 2963 1064 3012 X.
1117 2952 1248 3012 λελά
1252 2958 1415 3028 φθω]
1446 2957 1672 3028 scripsi3
1709 2961 1768 3012 Χ
1770 2962 1837 3027 A
1874 2961 2131 3046 ειληφθω
2128 2887 2231 3028 JK?
2254 2933 2475 3047 uulgo}

446 3037 495 3086 A
532 3048 640 3086 om.
679 3029 897 3098 Wallu,
937 3027 1228 3084 Torellius.
1377 3034 1432 3116 ⁷⁸,
1466 3023 1555 3112 ἐκ]
1596 3027 1704 3084 scri
1745 3026 1818 3095 εἰς
1867 3025 1897 3083 6
1942 3031 2056 3084 ΘΚ
2088 3030 2166 3100 F,
2203 3031 2301 3085 uul
2345 3047 2405 3097 03
2447 3027 2478 3086 6

449 3097 513 3157 ἐκ
550 3101 771 3168 Wallis,
810 3099 1094 3156 Torellius.
1219 3098 1321 3161 τᾶς
1357 3094 1537 3162 αὐτᾶς
1573 3097 1746 3154 Wal
1778 3099 2126 3168 ,Torellius.
2258 3106 2307 3156 A
2370 3103 2483 3156 ΦΛ

446 3172 518 3241 F;
567 3189 707 3255 cofr.
754 3144 969 3226 ’Wallim
1150 3175 1199 3224 9.
1240 3170 1385 3243 ἴσος]
1436 3187 1537 3240 per
1582 3186 1764 3240 comp.
1813 3169 1873 3223 F.
2060 3177 2147 3258 103
2182 3161 2475 3244 ἀριθμῶν]

447 3243 558 3299 scri
599 3243 670 3311 εἰς
709 3259 840 3296 mm
875 3257 975 3310 per
1003 3257 1180 3324 comp.
1211 3240 1282 3328 F3
1322 3243 1445 3296 ἴσον
1470 3240 1537 3307 Β,
1567 3241 1680 3296 alii.
1817 3246 1901 3294 11.
1937 3259 2043 3296 ταν
2074 3236 2258 3297 αὐτ-αν
2284 3242 2477 3311 FVA,

445 3284 1144 3374 ed.a.si1.15.v62;
1190 3283 1370 3375 αὐτοῖς
1404 3283 2450 3381 Waifis,T0roniu=.1e.eoov‹‚-

446 3384 667 3467 εοτίρεῂ
705 3400 824 3439 mov
860 3398 961 3453 per
1000 3399 1177 3452 comp.
1217 3381 1280 3452 F,
1321 3382 1494 3438 uulo
1650 3388 1735 3438 20.
1775 3379 1834 3438 οἰ
1865 3390 1934 3452 Δ,
1977 3384 2041 3440 Θ.
2099 3381 2160 3440 οῖ
2191 3383 2297 3453 μὲν
2334 3315 2475 3455 7020}

446 3454 666 3536 εοτὶρε1ς
706 3455 822 3510 οιδε
861 3472 966 3524 μεν
1004 3473 1110 3524 ’γαρ
1149 3473 1203 3508 οι
1237 3425 1298 3521 F,
1338 3401 1529 3524 nugo.
1640 3458 1727 3508 22.
1766 3449 1885 3525 ἑνί]
1928 3473 2021 3510 am
2056 3455 2128 3522 F3
2166 3471 2307 3512 corr·
2345 3455 2473 3510 BD.

445 3531 532 3582 23.
571 3523 678 3580 Hie
715 3524 954 3595 spatium
991 3527 1158 3582 uacat
1192 3525 1252 3580 in
1287 3523 1589 3582 FVBOD.

2606 3699 2619 3922 ι
