2659 3967
524 163 622 218 DE
661 164 773 233 IIS,
816 163 1013 229 QUAE
1049 160 1131 218 IN
1163 163 1458 220 HUMIDO
1496 162 1920 221 UEHUNTUR.
2104 164 2234 229 389

202 311 437 376 uitatis
485 311 815 375 demersae
860 309 1183 392 portionis
1232 309 1424 375 cadet
1464 311 1636 375 inter
1671 309 1738 374 P
1778 314 1844 374 et
1878 307 1938 394 Ι,
1983 313 2050 374 et
2091 309 2237 374 reli-

202 439 335 501 qua
380 417 682 482 similiter
727 416 1360 508 demonstrabuntur.

1148 630 1297 697 VII.

338 753 545 820 Recta
588 755 807 839 portio
853 754 1220 839 reetanguli
1267 753 1624 819 conoidalis
1671 753 1932 839 quando
1974 751 2240 818 humido

205 861 420 928 leuior
463 861 663 926 fuerit
708 865 775 928 et
821 883 1007 926 axem
1049 860 1360 927 habuerit
1395 861 1707 926 maiorem
1744 860 2004 945 quidem
2042 881 2239 944 quam
2277 871 2310 920 ὅ

212 966 547 1033 emiolium
595 968 763 1054 eine,
817 990 981 1053 quae
1028 989 1233 1053 usque
1280 967 1362 1032 ad
1409 989 1611 1048 axem,
1659 967 1976 1033 minorem
2023 968 2241 1030 autem

212 1096 411 1159 quam
456 1078 533 1139 ut
577 1075 1067 1160 proportionem
1113 1074 1356 1140 habeat
1391 1073 1474 1139 ad
1511 1097 1671 1159 eam,
1718 1096 1882 1159 quae
1919 1093 2122 1158 usque
2161 1071 2242 1136 ad

206 1201 414 1264 axem,
460 1202 655 1265 quam
703 1180 1074 1265 quindecim
1122 1181 1203 1246 ad
1251 1185 1581 1265 quattuor,
1627 1180 1894 1246 dimissa
1927 1181 1996 1244 in
2031 1179 2240 1244 humi-

206 1287 362 1351 dum
406 1286 519 1366 ita,
563 1291 639 1351 ut
685 1287 863 1352 basis
910 1288 1116 1371 ipsius
1161 1290 1303 1352 tota
1342 1288 1432 1352 sit
1464 1288 1535 1352 in
1571 1287 1861 1366 humid0‚
1905 1307 2240 1370 nunquam

207 1392 412 1457 stabit
464 1393 587 1477 ita,
641 1397 717 1458 ut
760 1393 940 1458 basis
987 1393 1194 1477 ipsius
1240 1396 1476 1479 tangat
1522 1392 1930 1477 superficiem
1973 1391 2241 1470 humidi,
2280 1404 2348 1453 10

210 1497 324 1563 sed
358 1501 433 1564 ut
467 1502 611 1564 tota
648 1499 737 1564 sit
772 1500 841 1563 in
876 1500 1166 1584 humido,
1201 1497 1321 1566 nee
1359 1500 1710 1565 seeundum
1746 1520 1945 1564 unum
1985 1497 2242 1582 signum

206 1609 485 1689 tangens
536 1607 959 1692 superficiem.

340 1713 428 1778 sit
462 1713 695 1798 portio,
743 1714 954 1799 qualis
994 1713 1171 1779 dieta
1206 1717 1326 1798 est,
1372 1717 1438 1777 et
1477 1713 1746 1778 dimissa
1780 1712 1852 1776 in
1885 1710 2243 1794 humidum,

206 1819 378 1885 sicui:
421 1820 665 1886 dietum
713 1822 831 1905 est,
877 1821 1199 1886 consistat
1242 1820 1370 1904 ita,
1416 1823 1491 1884 ut
1534 1821 1714 1885 basis
1760 1819 1965 1903 ipsius
2010 1821 2244 1902 tangat

206 1927 615 2010 superficiem
648 1926 917 1991 humidi.
990 1924 1585 2009 demonsfirandum,
1623 1924 1796 2010 quod
1831 1946 1968 1990 non
2004 1926 2242 2002 manet,
2281 1936 2348 1985 15

206 2033 320 2098 sed
366 2033 743 2099 reuoluetur
786 2033 908 2116 ita,
953 2035 1029 2096 ut
1075 2032 1253 2102 basis
1297 2031 1504 2116 ipsius
1551 2035 1788 2118 tangat
1835 2030 2242 2116 superficiem

202 2137 455 2204 humidi
498 2161 632 2204 non
679 2137 1033 2204 seeundum
1077 2159 1281 2203 unum
1319 2139 1598 2224 signum.
1673 2141 1850 2203 secta
1887 2138 2060 2202 enim
2098 2138 2246 2222 ipsa

208 2244 407 2328 plano
483 2250 663 2312 recto
728 2243 809 2310 ad
877 2243 1283 2328 superficiem
1345 2243 1596 2309 humidi
1660 2244 1860 2310 sectio
1925 2244 2014 2308 sit
2078 2265 2242 2328 quae

209 2349 481 2417 APOL
542 2351 909 2436 reeizanguli
984 2347 1145 2417 coni'
1196 2351 1401 2418 sectio
1469 2349 1648 2436 [περὶ
1710 2374 1866 2416 κων.
1935 2352 2066 2431 11].
2157 2350 2246 2414 sit

208 2462 430 2522 autem
476 2462 543 2524 et
590 2457 957 2544 superficiei
999 2456 1247 2522 humidi
1294 2457 1500 2523 sectio
1547 2450 1712 2542 quae
1758 2455 1894 2540 SL,
1938 2455 2077 2552 axis
2127 2477 2236 2519 au·
2274 2469 2347 2516 20

210 2568 346 2628 tem
390 2565 711 2648 porffionis
758 2567 824 2628 et
868 2563 1183 2628 diamefier
1229 2585 1396 2647 quae
1440 2562 1642 2644 PF.†
1715 2563 1806 2626 sit
1849 2561 1910 2626 Ι.
1981 2582 2241 2625 rursum

212 2672 433 2734 autem
488 2674 743 2734 secetur
797 2690 960 2754 quae
1004 2668 1143 2734 PF
1181 2667 1531 2734 seeundum
1577 2667 1642 2732 R
1687 2667 1945 2752 quidem
1991 2668 2115 2751 ita,
2169 2671 2245 2731 ut

210 2795 375 2861 quae
429 2761 569 2839 RP
616 2775 703 2839 sit
755 2775 955 2858 dupla
1008 2775 1214 2859 ipsius
1268 2773 1434 2858 RF,
1499 2773 1850 2838 seeundum
1905 2774 1972 2835 Ω
2027 2776 2245 2837 autem

205 2882 331 2965 ita,
377 2884 453 2945 ut
498 2902 663 2966 quae
708 2879 847 2947 PF
886 2880 970 2946 ad
1012 2880 1153 2944 ΒΩ,
1199 2880 1690 2965 proportionem
1736 2878 2003 2964 habeat,
2049 2901 2245 2965 quam

205 2984 573 3072 quindecim
638 2986 720 3050 ad
787 2989 1118 3070 quattuor,
1154 2990 1251 3050 et
1317 3007 1482 3071 quae
1537 2985 1688 3050 ΩΚ
1737 2989 1918 3051 reeta
1972 2986 2243 3051 ducatur
2279 2998 2348 3049 25

206 3114 399 3177 super
433 3092 583 3158 PF.
658 3093 783 3157 erit
828 3097 1050 3158 autem
1096 3092 1309 3159 minor
1356 3114 1519 3177 quae
1545 3093 1686 3158 ΒΩ
1731 3115 1928 3178 quam
1965 3115 2041 3158 ea
2078 3115 2242 3179 quae

348 3311 397 3360 6.
436 3304 582 3375 eius,
631 3304 801 3376 quae]
851 3297 1117 3372 ‚,eiusq‘“
1156 3301 1436 3358 Tar-talea.
1591 3305 1784 3359 autem
1829 3303 2023 3374 quam]
2072 3307 2242 3373 „auff‘

208 3376 489 3458 Tar-talea.
640 3379 725 3432 18.
764 3376 921 3429 recto
994 3377 1222 3443 „reeta“
1258 3372 1539 3430 Tartalea.
1686 3379 1771 3429 20.
1806 3373 2056 3456 pumidi]
2105 3375 2241 3444 „hu-

205 3447 397 3502 mida“
434 3445 721 3502 Tua-talea.
850 3443 896 3500 S
956 3445 979 3515 ]
1020 3445 1180 3515 „sa“
1220 3445 1509 3501 Tar-talea·
1649 3451 1738 3500 21.
1777 3447 1852 3500 8113
1888 3444 1962 3516 Ι]
1999 3451 2024 3499 ⁴?
2153 3452 2238 3502 24.

209 3517 358 3590 PF]
398 3521 578 3588 ‚,pm“
618 3516 900 3574 Tartalea.
