2659 3967
375 140 453 195 IV
1167 142 1600 198 PRAEFATIO.

375 290 590 371 queat,
635 310 799 372 quae
848 288 936 352 sit
982 288 1306 373 scriptura
1351 288 1508 353 eius.
1589 311 1754 355 unus
1801 293 2021 356 tamen
2066 291 2244 356 locus
2291 312 2393 357 ex-

374 385 705 471 cipiendus
751 388 851 449 est
884 384 952 449 H
978 409 1041 471 p.
1070 385 1219 469 352,
1251 386 1352 451 19.
1426 386 1520 451 ibi
1566 386 1737 452 enim
1784 387 1864 451 ad
1893 387 2161 452 Torellii
2199 390 2396 473 scrip-

372 488 589 549 turam
633 480 972 569 τμάματος
1016 484 1178 549 nihil
1228 506 1263 548 e
1310 484 1448 549 cod.
1484 483 1864 551 Florentino
1901 486 2238 571 adnotaui3
2285 486 2398 553 sed

374 604 521 651 cum
572 585 640 647 et
682 585 838 648 ante
885 585 953 646 et
994 578 1147 666 post
1180 582 1253 646 in
1291 582 1512 647 eadem
1550 584 1794 669 pagina
1828 583 2121 669 legamus
2159 586 2401 669 τμῆμα,

375 704 507 747 11011
557 680 804 764 dubito,
851 679 1009 763 quin
1056 680 1426 765 errauerim,
1473 684 1540 744 et
1586 680 1712 745 hoc
1757 702 2011 765 quoque
2056 683 2199 747 loco
2245 705 2287 765 η
2333 682 2402 745 111

382 779 519 846 cod.
566 778 950 843 Florentino
996 777 1375 863 reperiatur.

512 876 593 941 In
637 876 970 941 uolumine
1016 876 1225 941 altero
1270 897 1333 959 p.
1371 874 1502 940 359
1534 896 1625 961 sq.
1671 877 1887 962 recepi
1923 876 2402 961 interpretatio-

380 996 530 1040 nem
568 973 915 1039 Tartaleae
960 966 1294 1057 librorum,
1342 973 1453 1057 11111
1499 977 1653 1039 sunt
1697 972 1874 1059 περὶ
1915 970 2404 1059 ὀχουμένων,

383 1074 536 1158 quia
580 1072 1057 1156 intellexeram,
1114 1069 1662 1137 commandinum
1705 1092 1821 1137 suo
1867 1070 2080 1137 Marte
2123 1072 2406 1155 plurima

382 1174 688 1253 mutasse,
734 1170 830 1235 ita
874 1174 948 1235 ut
990 1170 1204 1234 forma
1250 1168 1552 1253 genuina,
1598 1169 1668 1233 in
1713 1192 1842 1254 qua
1886 1169 2038 1233 libri
2082 1169 2181 1233 illi
2218 1170 2407 1234 nobis

383 1268 614 1334 traditi
661 1271 831 1353 sunt,
876 1288 955 1331 ex
1000 1266 1307 1331 Tartalea
1353 1266 1493 1331 solo
1539 1266 1843 1352 cognosci
1888 1266 2115 1351 possit.
2187 1267 2410 1352 itaque

386 1389 533 1433 cum
591 1365 760 1430 liber
816 1365 953 1429 eius
1014 1364 1174 1429 satis
1234 1384 1424 1429 r-arus
1479 1364 1593 1447 sit,
1656 1365 1970 1429 interesse
2005 1366 2278 1451 putaui,
2338 1369 2412 1430 ut

386 1465 596 1529 denuo
663 1484 809 1528 cum
869 1461 995 1526 fide
1059 1460 1357 1525 ederetur
1421 1462 1608 1545 quasi
1670 1461 2163 1527 fundamentum
2216 1463 2414 1527 hosce

387 1561 593 1627 libros
660 1559 1065 1625 emendandi.
1157 1557 1270 1623 sed
1329 1558 1454 1623 hac
1506 1558 1651 1643 ipsa
1705 1580 1776 1624 re
1823 1557 2083 1643 accidit,
2143 1565 2218 1624 ut
2261 1559 2416 1624 libri

388 1658 491 1723 illi
542 1658 759 1723 forma
812 1657 1304 1741 corruptissima
1351 1662 1419 1721 et
1461 1658 1584 1742 ita,
1637 1661 1714 1720 ut
1755 1656 2080 1721 interdum
2124 1656 2416 1742 intellegi

388 1777 525 1821 non
560 1755 833 1841 possint,
876 1754 1230 1838 prodirent.
1305 1754 1419 1820 sed
1455 1776 1600 1821 cum
1637 1754 2084 1837 intellexerim,
2130 1775 2240 1819 eos
2277 1757 2418 1818 tam

390 1854 667 1919 fideliter
721 1876 756 1917 e
814 1852 1060 1919 Graeco
1118 1874 1466 1918 conuersos
1523 1874 1692 1936 0880,
1745 1855 1821 1915 ut
1873 1850 2153 1934 pristina
2207 1852 2420 1915 forma

392 1950 632 2036 ubique
688 1950 822 2015 fere
874 1950 1213 2034 adpareat,
1266 1948 1603 2032 constitui,
1656 1951 1888 2032 postea
1934 1947 2279 2032 aliquando
2287 1999 2307 2032 ,
2363 1948 2420 2013 si

394 2048 603 2114 otium
656 2047 823 2122 mihi
877 2047 1253 2131 contigerit,
1306 2046 1430 2111 hos
1486 2046 1688 2111 libros
1737 2044 1980 2110 Graece
2024 2049 2424 2115 conuertere.

394 2152 536 2213 tum
592 2147 849 2211 demum
906 2145 1135 2211 licebit
1180 2144 1258 2210 de
1303 2144 1556 2209 lacunis
1603 2142 1935 2227 explendis
1983 2146 2050 2208 et
2094 2143 2422 2208 erroribus

395 2245 698 2330 plurimis
770 2243 1287 2328 foedissimisque
1363 2240 1761 2328 corrigendis
1835 2262 2054 2306 seuere
2119 2242 2425 2329 cogitare.

398 2344 551 2409 dum
605 2344 732 2409 hoc
782 2341 932 2427 fiat,
987 2341 1219 2406 habitu
1275 2340 1553 2405 barbaro
1613 2342 1680 2405 et
1725 2338 2073 2405 dilacerato
2083 2388 2102 2424 ,
2166 2360 2293 2423 11110
2343 2338 2424 2402 ad

400 2464 522 2508 nos
558 2445 1015 2526 peruenerunt,
1052 2440 1159 2506 hic
1196 2460 1449 2523 quoque
1486 2438 1821 2521 prodeant.
1884 2436 2009 2501 hoc
2045 2437 2188 2502 1000
2226 2436 2429 2501 inter-

293 2569 298 2573 ·
400 2561 640 2625 ponere
684 2538 874 2624 libet,
927 2560 1090 2623 quae
1133 2535 1464 2601 Carolus
1512 2534 1811 2599 Thurot
1857 2557 1915 2599 u.
1964 2533 2019 2599 d.
2087 2534 2168 2598 ad
2215 2555 2426 2598 emen-

404 2636 651 2702 dandos
705 2636 909 2701 libros
963 2635 1119 2700 illos
1183 2633 1461 2698 contulit
1504 2631 1937 2718 (Recherches
1993 2654 2104 2696 sur
2147 2633 2209 2695 le
2253 2631 2428 2715 prin·

336 2804 343 2809 ,
404 2735 548 2819 cipe
593 2732 1061 2799 d'Archimede.
1151 2730 1370 2797 Revue
1417 2728 1918 2813 archeologique
1971 2727 2367 2815 1868—69).

404 2832 472 2898 II
516 2856 578 2917 p.
625 2834 775 2916 356,
862 2833 934 2897 4:
980 2828 1343 2912 ὠθεῖσθαι]
1391 2828 1562 2893 delet
1608 2826 1675 2893 C.
1723 2826 1989 2893 Thurot.

404 2932 471 2997 II
517 2956 579 3017 p.
627 2933 775 3017 356,
865 2933 935 2997 6:
980 2927 1254 2996 πάντων
1292 2924 1504 2993 αὐτοῦ
1542 2927 1791 3012 μερῶν]
1830 2920 2046 2991 πάντα
2085 2920 2159 2989 δὲ
2194 2918 2274 2987 τὰ
2313 2917 2432 2986 αὐ-

978 3029 1101 3094 τοῦ
1147 3026 1313 3114 μέρη
1359 3026 1549 3091 1110111.
1611 3104 1618 3109 1

407 3129 475 3195 II
517 3154 582 3215 p.
629 3129 935 3214 357,10·
983 3126 1265 3211 ἰσοβαρῆ
1312 3125 1444 3190 iam
1492 3123 1855 3209 suspicatus
1902 3124 2001 3185 est
2047 3118 2317 3183 Thurot.

408 3228 475 3293 II
518 3253 583 3315 p.
628 3229 779 3313 358,
829 3224 1462 3308 Ιοεκαταβαίνωσι]
1511 3220 1848 3303 καταβῶσι
1893 3217 2082 3282 idem.

410 3328 479 3395 II
523 3352 585 3413 p.
632 3328 783 3413 358,
870 3328 939 3392 2:
987 3323 1271 3408 ἰσοβαρῆ
1316 3318 1450 3385 iam
1497 3318 1769 3383 Thurot.

411 3430 749 3515 praeterea
784 3425 853 3491 in
888 3422 1107 3489 uerbis
1136 3419 1476 3486 Tartaleae
1515 3415 1788 3482 citandis
1827 3434 2020 3497 saepe
2057 3434 2132 3477 ea
2162 3411 2266 3476 uel
2296 3432 2437 3477 cor-

415 3527 576 3614 rigit
638 3525 742 3591 uel
809 3522 1089 3610 explicat
1152 3516 1392 3587 additis
1451 3513 1745 3601 GraeciS,
1810 3513 1880 3577 in
1934 3532 2063 3599 quo
2120 3529 2313 3595 saepe
2367 3507 2437 3571 in
