2659 3967
416 154 543 218 118
1169 157 1347 208 Imm
1382 156 1680 212 ΕΜΚΩΝ.

410 305 506 381 Α,
552 303 629 364 Ε.
722 301 887 365 ἔστω
945 297 1021 365 δὲ
1066 293 1237 387 ἀρχὰ
1286 301 1407 377 τᾶς
1451 299 1666 378 ἕλικος
1709 296 1787 366 τὸ
1835 304 1894 365 Θ
1939 309 2234 384 σαμεῖον.
2326 296 2439 364 καὶ

410 403 661 496 κέντρῳ
718 403 841 491 μὲν
886 409 979 499 τῷ
1026 411 1112 490 Θ,
1168 403 1566 490 διαστήματι
1612 403 1690 472 δὲ
1731 407 1824 497 τῷ
1871 410 2004 471 ΘΑ
2047 402 2290 484 κύκλος
2334 430 2439 489 γε-

396 509 729 598 γράφθω,
774 510 887 580 καὶ
934 511 1352 598 συμπιπτέτω
1399 515 1482 599 τᾷ
1529 516 1918 600 περιφερείᾳ
1963 506 2175 578 αὐτοῦ
2221 506 2265 576 ἆ
2314 517 2445 577 ΘΕ

409 615 577 685 κατὰ
642 616 717 686 τὸ
777 625 848 685 Ζ.
952 619 1270 703 δεικτέον,
1337 615 1440 686 ὅτι
1503 616 1582 686 τὸ
1649 617 2125 706 περιεχόμενον
2188 620 2439 705 χωρίον

341 736 374 784 5
411 721 543 792 ὑπό
589 749 662 792 τε
704 729 825 804 τᾶς
852 731 1194 792 ΑΒΓΔΕ
1234 726 1450 804 ἕλικος
1494 725 1606 792 καὶ
1650 727 1776 792 τᾶν
1821 721 2103 793 εὐθειᾶν
2130 725 2256 790 τᾶν
2285 731 2350 790 A
2358 729 2438 808 Θ,

412 838 545 898 ΘΕ
584 831 737 899 ποτὶ
780 829 901 900 τὸν
946 832 1149 918 τομέα
1192 830 1315 900 τὸν
1344 837 1542 898 ΑΘΖ
1585 835 1830 900 τοῦτον
1877 836 2006 918 ἔχει
2050 827 2172 898 τὸν
2208 828 2442 915 λόγον,

412 932 494 1005 ὃν
541 941 673 1024 ἔχει
721 937 1198 1027 συναμφότερα
1242 936 1319 1005 τό
1368 962 1438 1004 τε
1482 934 1616 1004 ὑπὸ
1663 940 1790 1004 τᾶν
1827 942 1988 1021 ΑΘ,
2033 943 2165 1004 ΘΕ
2203 935 2315 1003 καὶ
2359 933 2436 1004 τὸ

409 1049 637 1132 τρίτον
697 1045 897 1133 μέρος
948 1047 1072 1112 τοῦ
1128 1041 1259 1112 ἀπὸ
1315 1047 1436 1124 τοῖς
1490 1051 1615 1111 ΕΖ
1677 1042 1830 1111 ποτὶ
1883 1040 1960 1110 τὸ
2015 1041 2440 1132 τετράγωνον

409 1147 485 1217 τὸ
532 1148 665 1219 ἀπὸ
713 1155 831 1232 τᾶς
874 1159 1023 1219 ΘΑ.

306 1268 374 1316 10
545 1261 711 1326 ἔστω
767 1256 853 1344 δὴ
909 1258 1184 1343 κύκλος,
1249 1259 1321 1326 ἐν
1379 1248 1432 1348 ᾧ
1492 1265 1632 1343 QX,
1695 1254 1823 1323 τὰν
1871 1258 1942 1324 ἐκ
1985 1260 2109 1324 τοῦ
2155 1257 2441 1344 κέντρου

410 1370 581 1453 ἔχων
638 1373 794 1432 ἴσαν
850 1364 1133 1452 δυνάμει
1185 1369 1279 1458 τῷ
1335 1389 1404 1432 τε
1457 1360 1592 1432 ὑπὸ
1636 1366 1763 1431 τᾶν
1809 1370 1969 1448 ΑΘ,
2015 1369 2148 1430 ΘΕ
2187 1363 2299 1429 καὶ
2344 1365 2437 1454 τῷ

408 1477 607 1564 τρίτῳ
671 1473 875 1561 μέρει
916 1475 1041 1539 τοῦ
1106 1469 1237 1539 ἀπὸ
1305 1474 1423 1550 τᾶς
1479 1477 1636 1557 ΕΖ,
1700 1469 1852 1537 ποτὶ
1909 1468 1985 1536 δὲ
2036 1472 2127 1558 τῷ
2183 1475 2436 1560 κέντρῳ

410 1576 621 1648 αὐτοῦ
676 1584 891 1667 γωνία
946 1583 1185 1668 ἴσατᾷ
1234 1578 1387 1645 ποτὶ
1433 1580 1523 1668 τῷ
1572 1585 1644 1645 Θ.
1739 1573 1776 1644 ὁ
1824 1574 1910 1658 δὴ
1957 1574 2196 1662 τομεὺς
2243 1571 2278 1643 ὃ
2331 1579 2444 1644 QX

1365 1683 1516 1750 ποτὶ
1552 1679 1674 1750 τὸν
1710 1682 1914 1768 τομέα
1942 1679 2064 1749 τὸν
2093 1689 2224 1749 ΘΑ
2235 1687 2287 1748 Ζ
2314 1679 2438 1749 τὸν

1365 1787 1578 1857 αὐτὸν
1643 1793 1775 1875 ἔχει
1839 1786 2080 1874 λόγον,
2157 1783 2239 1855 ὃν
2305 1792 2438 1875 ἔχει

1362 1895 1438 1964 τὸ
1520 1893 1651 1964 ὑπὸ
1725 1898 1853 1962 τᾶν
1911 1901 2072 1980 ΑΘ,
2138 1883 2274 1961 ΘΕ
2325 1893 2438 1962 καὶ

1362 2001 1438 2071 τὸ
1518 2007 1746 2090 τρίτον
1821 2001 2021 2088 μέρος
2101 2004 2224 2068 τοῦ
2298 1998 2432 2068 ἀπὸ

1362 2112 1480 2187 τοῖς
1527 2114 1654 2174 ΕΖ
1690 2105 2116 2196 τετραγώνου
2161 2107 2312 2175 ποτὶ
2358 2105 2433 2175 τὸ

1364 2213 1494 2282 ἀπὸ
1534 2218 1653 2294 τᾶς
1703 2221 1832 2281 ΘΑ
1867 2213 2318 2302 τετράγωνον·
2366 2215 2442 2280 αἱ

1361 2319 1492 2408 γὰρ
1541 2321 1612 2388 ἐκ
1654 2323 1793 2388 τῶν
1846 2319 2145 2406 κε’ντρων
2190 2323 2436 2388 τοῦτον

1363 2433 1583 2514 ἔχοντι
1663 2425 1785 2495 τὸν
1869 2425 2075 2512 λόγον
2149 2425 2435 2513 δυνάμει

1361 2531 1511 2600 ποτ’
1593 2530 1902 2612 ἀλλάλας.
2007 2535 2437 2621 δειχθησέται

1363 2638 1449 2726 δὴ
1517 2637 1553 2708 ὁ
1616 2647 1724 2712 Xe.
1789 2638 2031 2726 τομεὺς
2095 2647 2240 2718 ἴσος
2303 2637 2436 2708 ἐὼν

1358 2748 1452 2839 τῷ
1527 2752 1748 2838 χωρίῳ
1821 2749 1912 2838 τῷ
1987 2747 2434 2834 περιεχομένῳ

1362 2848 1496 2920 ὑπό
1549 2877 1621 2920 τε
1673 2855 1792 2930 τᾶς
1838 2857 2179 2920 ΑΒΓΔΕ
2221 2853 2437 2932 ἕλικος

1361 2958 1474 3025 καὶ
1538 2962 1665 3026 τᾶν
1730 2967 1795 3026 Α
1804 2966 1891 3043 Θ,
1947 2965 2079 3026 ΘΕ
2137 2954 2435 3025 εὐθειᾶν.

1363 3067 1425 3132 εἰ
1458 3062 1590 3152 γὰρ
1628 3064 1741 3151 μή,
1788 3062 1938 3152 ἤτοι
1975 3068 2215 3150 μείζων
2255 3063 2436 3132 ἐστὶν

1367 3166 1409 3256 ’ἢ
1486 3162 1836 3239 ἐλάττων.’
1889 3175 2054 3238 ἔστω
2129 3168 2213 3256 δὴ
2279 3169 2438 3258 πρό-

408 3301 627 3362 τερον,
673 3277 737 3341 εί
779 3273 1096 3359 δυνατόν,
1142 3281 1399 3361 μείζων.
1472 3274 1770 3345 δυνατὸν
1815 3268 1943 3346 οὖν
1989 3279 2127 3344 ἐστι
2171 3277 2322 3366 περὶ
2355 3275 2433 3345 τὸ

307 1803 371 1851 15

855 1922 1134 2004 Ι
1093 1781 1106 1797 .

555 3443 604 3492 2.
641 3436 747 3509 τῷ]
794 3434 924 3506 (bis)
970 3453 1033 3488 το
1068 3434 1141 3502 F;
1198 3453 1337 3492 corr.
1383 3435 1674 3492 Toranius,
1805 3441 1886 3490 12.
1923 3435 2001 3506 τῷ
2074 3434 2272 3504 scripsi
2307 3453 2434 3492 oum

410 3506 625 3578 BG*D;
671 3526 735 3562 το
772 3507 844 3576 F,
881 3505 1069 3576 uulgo,
1249 3507 1486 3577 κέντρον
1524 3509 1597 3578 A,
1637 3506 1723 3564 ed.
1761 3505 1960 3578 Basil„
2045 3507 2290 3562 orellius.
