2659 3967
367 176 449 241 78
1127 178 1306 229 ΠΕΡΙ
1342 177 1639 231 mnam.

1317 354 1441 423 ιθ’.

497 484 588 549 Εἰ
631 481 713 549 δέ
742 506 827 547 κα
863 484 982 560 τᾶς
1019 482 1092 548 ἐν
1129 485 1211 569 τᾷ
1251 480 1530 569 δευτέρᾳ
1567 483 1901 571 περιφορᾷ
1940 480 2404 567 γεγραμμένας

365 590 582 668 ἕλικος
636 586 803 656 κατὰ
857 585 934 655 τὸ
990 588 1194 675 πέρας
1249 586 1541 676 ἐπιψαύῃ
1600 584 1868 672 εὐθεῖα,
1921 587 2033 669 καὶ
2090 584 2222 655 άπὸ
2278 591 2403 667 τᾶς

365 692 577 782 άρχᾷς
629 697 748 773 τᾷς
803 694 1018 774 ἕλικος
1072 690 1254 782 ἀχθῇ
1311 720 1413 774 τις
1464 690 1613 761 ποτ’
1667 690 1882 782 ὀρθὰς
1925 697 2008 782 τᾷ
2056 690 2233 782 άρχᾷ
2278 698 2401 773 τᾶς

214 873 228 885 ,
296 822 330 869 5
369 804 769 890 περιφορᾶς,
827 804 1255 887 συμπεσείται
1311 797 1480 869 αὐτὰ
1536 801 1687 869 ποτὶ
1732 799 1861 869 τὰν
1908 800 2397 887 ἐπιψαύουσαν,

360 906 472 974 καὶ
521 908 808 975 ἐσσείται
854 904 896 975 ἆ
946 905 1184 976 εὐθεῖα
1231 904 1274 975 ἁ
1322 905 1564 995 μεταξὺ
1611 912 1730 989 τᾶς
1778 907 2239 989 ἐπιψαυούσας
2282 908 2397 975 καὶ

359 1016 479 1093 τᾷς
524 1009 735 1101 άρχᾷς
781 1016 899 1094 τᾶς
946 1015 1168 1095 ἕλικος
1215 1018 1533 1084 διπλασία
1578 1018 1697 1095 τᾶς
1739 1017 1864 1082 τοῦ
1916 1015 2235 1102 δευτέρου
2280 1013 2397 1082 κύ-

360 1127 527 1187 κλου
571 1126 1014 1209 περιφερείας.

495 1229 662 1294 ἔστω
720 1224 849 1316 γὰρ
906 1224 948 1293 ἆ
1003 1226 1128 1315 μὲν
1174 1234 1442 1295 ΑΒΓΘ
1498 1230 1632 1310 ἕλιξ
1690 1230 1763 1296 ἐν
1809 1231 1891 1317 τᾷ
1939 1228 2171 1319 πρώτᾳ
2216 1252 2396 1317 περι-

259 1353 327 1401 10
365 1336 545 1424 φορᾷ
602 1334 1056 1421 γεγραμμένα,
1123 1331 1164 1402 ἆ
1224 1332 1300 1402 δὲ
1345 1340 1553 1401 ΘΕΤ
1589 1336 1663 1402 ἐν
1709 1337 1790 1424 τᾷ
1838 1338 2149 1427 δευτέρᾳ,
2195 1336 2308 1403 καὶ
2357 1332 2395 1402 ὁ

362 1437 484 1526 μὲν
531 1444 752 1507 ΘΚΗ
788 1437 1032 1517 κύκλος
1079 1435 1115 1505 ὅ
1164 1442 1447 1526 πρῶτος,
1497 1435 1533 1507 ὁ
1583 1438 1657 1508 δὲ
1711 1445 1939 1507 ΤΜΝ
1979 1438 2016 1510 ὁ
2067 1440 2398 1530 δεύτερος.

363 1550 528 1613 ἔστω
584 1546 666 1613 δέ
714 1571 815 1623 τις
870 1542 1141 1633 γραμμᾷ
1199 1544 1623 1626 ἐπιψαύουσα
1677 1550 1794 1626 τᾷς
1841 1548 2058 1627 ἕλικος
2102 1544 2267 1614 κατᾶ
2315 1545 2395 1615 τὸ

361 1659 440 1738 Θ,
487 1648 529 1719 ἆ
587 1658 736 1736 ΤΖ,
783 1648 825 1719 ἆ
876 1650 952 1718 δὲ
999 1658 1131 1719 ΖΑ
1175 1648 1324 1719 ποτ’
1378 1650 1597 1740 ὀρθὰς
1642 1650 1836 1741 &exam
1884 1658 1966 1743 τᾷ
2023 1660 2165 1721 ΤΑ.
2232 1674 2396 1740 συμ-

352 1764 654 1825 -πεσείται
703 1756 785 1845 δὴ
835 1756 1005 1828 αὐτὰ
1050 1762 1132 1849 τᾷ
1169 1765 1288 1825 ΤΖ
1325 1758 1440 1826 διὰ
1478 1757 1554 1827 τὸ
1596 1764 1944 1848 δεδείχθαι
1980 1759 2106 1828 τάν
2136 1766 2398 1848 γωνίαν

258 1884 324 1932 15
364 1862 588 1945 ὀξεῖαν
638 1867 886 1933 ἐοῦσαν
932 1862 1058 1933 τὰν
1113 1861 1246 1933 ὑπὸ
1294 1870 1421 1932 τᾶν
1468 1874 1634 1952 ΛΤ,
1690 1874 1826 1935 ΤΖ.
1920 1868 2239 1955 δεικτέον,
2290 1865 2394 1935 ὅτι

362 1968 404 2037 ἆ
461 1978 590 2040 ΖΑ
645 1968 883 2039 εὐθεῖα
937 1974 1254 2043 διπλασία
1313 1972 1451 2039 ἐντὶ
1505 1975 1624 2051 τᾶς
1679 1974 1802 2039 τοῦ
1860 1979 2091 2039 ΤΜΝ
2137 1971 2398 2041 κύκλου

367 2082 807 2165 περιφερείας.

497 2189 558 2250 εἰ
601 2182 732 2272 γὰρ
782 2182 872 2271 μή
921 2185 1056 2251 ἐστι
1105 2189 1445 2270 διπλασία,
1492 2182 1641 2272 ἤτοι
1687 2190 1927 2272 μείζων
1975 2182 2155 2254 ἐστὶν
2203 2182 2247 2273 ἦ
2294 2191 2395 2254 δι-

359 2294 606 2357 πλασία
651 2286 694 2377 ἢ
744 2288 1047 2359 ἐλάσσων
1095 2289 1276 2359 ἐστὶν
1322 2287 1365 2379 ἢ
1414 2295 1749 2359 διπλασία.
1824 2296 1990 2360 ἔστω
2038 2292 2395 2383 πρότερον,

252 2414 324 2463 20
362 2400 424 2463 εί
466 2394 786 2482 δυνατόν,
834 2402 1073 2483 μείζων
1117 2393 1161 2485 ἢ
1210 2401 1542 2466 διπλασία.
1614 2398 1726 2466 καὶ
1774 2399 2095 2486 λελάφθω
2143 2425 2242 2479 τις
2289 2397 2395 2467 εύ-

360 2511 518 2570 θεῖα
565 2500 607 2569 ἆ
636 2510 775 2570 ΛΑ
819 2507 937 2583 τᾷς
982 2502 1105 2589 μὲν
1135 2511 1265 2571 ΖΑ
1310 2505 1579 2585 εὐθείας
1625 2504 1950 2592 ἐλάσσων,
1994 2508 2132 2586 τᾷςἱ
2157 2505 2234 2574 δὲ
2268 2508 2397 2573 τοῦ

369 2614 598 2677 ΤΜΝ
641 2608 895 2677 κύκλου
939 2615 1363 2697 περιφερείας
1408 2615 1648 2697 μείζων
1693 2606 1735 2697 ἢ
1783 2615 2117 2679 διπλασία.
2209 2615 2395 2679 ἔστιν

361 2715 446 2801 δή
493 2740 592 2795 τις
635 2715 879 2795 κύκλος
925 2712 961 2784 ὁ
1009 2722 1250 2801 ΤΜΝ,
1295 2717 1407 2783 καὶ
1455 2720 1528 2784 έν
1572 2721 1665 2808 τῷ
1710 2716 1934 2808 κύκλῳ
1980 2714 2251 2806 γραμμὰ
2288 2720 2396 2784 δε-

360 2824 612 2909 δομένα
660 2822 963 2891 ἐλάσσων
1008 2826 1128 2903 τᾷς
1174 2824 1535 2911 διαμέτρου
1582 2821 1624 2890 ἆ
1680 2831 1833 2908 ΤΝ,
1878 2824 1990 2891 καὶ
2037 2820 2120 2891 ὃν
2167 2828 2300 2911 ἔχει
2348 2819 2393 2889 ἆ

251 2946 322 2995 25
368 2935 494 2997 TA
537 2929 689 2997 ποτὶ
733 2928 857 2998 τάν
895 2937 1054 3016 ΑΛ,
1099 2936 1339 3018 μείζων
1385 2933 1531 3013 τοῦ,
1576 2926 1659 2998 ὃν
1705 2935 1840 3017 ἔχει
1884 2926 1926 2996 ἆ
1971 2927 2240 3017 ἡμίσεια
2274 2933 2398 3009 τᾶς

367 3040 506 3103 ΤΝ
553 3036 706 3103 ποτὶ
759 3035 883 3104 τάν
938 3035 1070 3105 άπὸ
1118 3042 1240 3105 τοῦ
1288 3046 1355 3105 Α
1398 3036 1690 3105 κάθετον
1738 3034 1837 3105 ἐπ’
1891 3034 2105 3105 αὐτὰν
2151 3033 2395 3122 ἀγομέ-

359 3168 506 3209 ναν.
583 3141 878 3210 δυνατὸν
936 3134 1064 3211 οὖν
1120 3145 1300 3211 ἐστιν
1356 3140 1490 3211 άπὸ
1543 3147 1667 3211 τοῦ
1714 3151 1779 3211 Α
1831 3147 2218 3228 ποτιβαλεῖν
2262 3140 2397 3209 τὰν

356 3254 501 3317 ΑΣ
542 3247 694 3315 ποτὶ
739 3245 863 3315 τάν
910 3255 1048 3315 ΤΝ
1089 3251 1579 3336 ἐκβεβλημέναν
1628 3246 1795 3318 ὥστε
1830 3247 1957 3317 τὰν
1995 3249 2239 3335 μεταξὺ
2274 3250 2397 3343 τᾶς

506 3470 551 3518 1.
591 3459 650 3517 κ’
689 3463 749 3518 F.
934 3469 983 3519 2.
1023 3463 1124 3535 κα]
1164 3463 1388 3532 scripsi3
1440 3484 1586 3517 κατα
1622 3463 1695 3532 F,
1741 3463 1941 3533 uulgm
1992 3463 2101 3517 del.
2150 3460 2389 3515 Nimius-

359 3540 411 3590 3.
452 3545 729 3603 επιψαυοι
767 3532 809 3587 F
821 3556 834 3601 3
876 3549 1013 3591 corr.
1051 3534 1347 3589 Torellius.
1468 3539 1514 3591 δ’.
1556 3552 1915 3589 συνπεσειται
1952 3532 2013 3590 F.
2128 3539 2174 3587 7.
2213 3551 2395 3603 αρχας
