2659 3967
838 185 935 240 DE
974 185 1219 242 LINEIS
1258 185 1704 244 SPIRALIBUS.
2193 187 2278 253 97

954 361 1478 418 COROLLARIUM
1510 363 1579 419 Π.

381 471 474 538 Et
530 472 754 538 ‘eadem
798 473 1055 538 ratione
1102 473 1520 538 manifestum
1567 477 1696 553 est,
1751 474 1890 539 fieri
1934 496 2155 560 posse,
2209 478 2285 540 ut

248 582 513 663 sumpto
578 579 794 662 spatio
826 661 845 667 „
859 575 1331 662 comprehenso
1390 579 1617 663 spirali
1673 579 1964 664 qualibet
2019 580 2284 646 circum-

249 686 509 750 actione
575 685 901 769 descripta
964 689 1032 750 et
1093 685 1269 749 linea
1332 685 1558 750 eodem
1615 707 1886 751 numero
1941 689 2280 753 nominata

249 813 501 877 earum,
560 814 725 876 quae
778 793 849 857 in
904 791 1223 876 principio
1270 792 1791 859 circumactionis
1841 798 2019 879 sunt,
2072 794 2284 879 figura

247 899 451 982 plana
496 899 633 963 eius
677 897 856 964 modi
894 897 1482 983 circumscribatur,
1527 899 1623 964 ita
1659 902 1734 964 ut
1766 900 1978 985 figura
2013 901 2282 966 circum-

248 1005 495 1089 scripta
532 1003 819 1090 spatium
859 1008 1189 1090 sumptum
1228 1004 1498 1069 excedat
1535 1006 1746 1089 spatio
1785 1007 2051 1092 minore,
2088 1029 2284 1092 quam

248 1115 353 1176 est
391 1112 729 1196 quodlibet
769 1111 1055 1196 spatium
1094 1111 1338 1195 datum,
1384 1113 1452 1175 et
1485 1133 1710 1176 rursus
1746 1113 2154 1197 inscribatur,
2189 1113 2285 1180 ita

246 1220 326 1282 ut
362 1217 649 1301 spatium
678 1220 1012 1302 sumptum
1048 1217 1327 1303 figuram
1355 1217 1738 1302 inscriptam
1767 1219 2034 1284 excedat
2069 1221 2284 1304 spatio

248 1323 525 1408 minore,
570 1346 767 1408 quam
812 1327 914 1388 est
959 1323 1293 1407 quodlibet
1339 1324 1564 1389 datum
1610 1325 1914 1408 spatium.

1146 1571 1391 1638 XXIII.

390 1695 666 1781 Sumpto
704 1697 914 1780 spatio
949 1697 1418 1781 comprehenso
1457 1698 1707 1782 spirali,
1745 1719 1910 1782 quae
1947 1696 2158 1761 minor
2187 1702 2289 1762 est

254 1802 483 1886 spirali
518 1825 648 1868 una
686 1803 1185 1869 circumactione
1224 1804 1567 1889 descripta,
1605 1805 1720 1868 sed
1752 1804 1932 1868 cuius
1969 1803 2288 1868 terminus

254 1932 391 1974 non
448 1912 550 1974 est
591 1910 988 1994 principium
1035 1909 1325 1994 spiralis,
1382 1913 1448 1974 et
1493 1909 1683 1974 lineis
1733 1932 1772 1974 a
1817 1910 2114 1975 terminis
2161 1911 2290 1994 spi-

254 2015 416 2080 ralis
474 2016 684 2082 ductis
738 2016 878 2080 fieri
928 2019 1173 2100 potest,
1226 2019 1301 2080 ut
1347 2016 1589 2082 circum
1633 2016 1700 2080 id
1748 2017 2033 2101 spatium
2077 2017 2289 2102 figura

256 2122 461 2206 plana
506 2123 1067 2188 circumscribatur
1112 2126 1179 2188 et
1226 2124 1358 2190 alia
1401 2123 1798 2190 inscribatur
1843 2145 1920 2189 ex
1965 2123 2289 2203 similibus

256 2229 623 2296 sectoribus
668 2229 1095 2312 compositae,
1139 2229 1233 2294 ita
1278 2232 1354 2296 ut
1396 2229 1610 2315 figura
1651 2231 2139 2315 circumscripta
2187 2252 2289 2295 ex-

257 2335 448 2400 cedat
498 2337 883 2420 inscriptam
940 2337 1155 2420 spatio
1212 2337 1492 2420 minore,
1546 2359 1742 2420 quam
1793 2342 1900 2402 est
1957 2337 2292 2423 quodlibet

259 2442 485 2508 datum
532 2443 838 2528 spatium.

396 2549 486 2614 sit
544 2549 837 2633 spiraliS,
892 2549 961 2614 in
1006 2570 1135 2632 qua
1182 2548 1271 2613 sit
1313 2551 1678 2632 ΑΒΓΔΕ,
1735 2551 1802 2613 et
1843 2549 2106 2614 termini
2153 2550 2292 2624 eius

226 2655 343 2738 ‘A,
380 2659 443 2719 E
474 2659 735 2740 puncta,
782 2658 851 2720 et
893 2655 1284 2740 principium
1331 2654 1590 2738 spiralis
1627 2655 1716 2722 sit
1751 2659 1826 2739 Θ,
1872 2658 1939 2719 et
1973 2654 2296 2720 ducantur

257 2761 469 2826 lineae
532 2765 682 2847 ΑΘ,
746 2765 889 2827 ΘΕ.
980 2761 1390 2826 describatur
1465 2761 1670 2846 igitur
1730 2760 2036 2845 circulus,
2109 2761 2290 2826 cuius

259 2870 553 2932 centrum
610 2869 698 2933 sit
741 2873 823 2952 Θ,
880 2869 1106 2936 radius,
1158 2870 1375 2933 autem
1423 2871 1580 2951 ΘΛ,
1636 2857 1702 2930 et
1756 2865 1826 2930 in
1881 2866 2118 2932 lineam
2167 2871 2298 2932 ΘΕ

257 2972 506 3038 incidat
560 2973 629 3036 in
682 2976 923 3056 puncto
972 2978 1043 3038 Z.
1135 2975 1358 3057 itaque
1413 2972 1656 3058 angulo
1713 2973 1792 3037 ad
1839 2977 1898 3036 Θ
1955 2973 2170 3056 posito
2228 2977 2295 3038 et

260 3083 512 3144 sectore
540 3083 674 3144 ΘΑ
684 3083 738 3142 Ζ
786 3101 1038 3163 semper
1084 3079 1389 3162 deinceps
1426 3078 1497 3143 in
1535 3077 1696 3144 duas
1732 3081 1952 3163 partes
1992 3081 2294 3164 aequales

263 3243 303 3250 .-

262 3341 391 3380 cum
428 3339 605 3394 comp.
644 3345 716 3393 ην
752 3325 847 3378 uel
877 3344 931 3378 ιν
959 3325 1019 3378 F.
1134 3331 1215 3380 12.
1254 3320 1342 3379 κδ’
1374 3326 1434 3383 F.
1549 3330 1632 3379 14.
1663 3344 1781 3380 εστι
1807 3326 1870 3392 F,
1907 3327 2006 3380 uul
2049 3332 2294 3381 o.16.

260 3396 366 3450 τοῦ
403 3395 645 3461 πέρατος
671 3395 950 3465 Riualtus‚
988 3395 1283 3452 Toranius.
1385 3402 1469 3452 25.
1510 3393 1606 3468 δή]
1647 3395 1874 3466 scripsi,
1913 3399 1978 3452 δε
2053 3439 2066 3464 ,
2103 3397 2294 3468 uulgo.

260 3465 365 3538 τῷ]
404 3467 631 3536 scripsi3
677 3486 739 3522 το
776 3467 849 3538 F,
893 3467 1083 3538 uulgo,
1267 3474 1351 3524 26.
1397 3464 1664 3540 ἑσσείται]
1714 3465 1949 3540 scripsi3
1995 3486 2150 3523 εσται
2195 3485 2298 3538 per

262 3554 447 3607 comp.
484 3538 545 3608 F,
584 3538 775 3609 uulgo.

370 3635 439 3676 Ar
441 3635 669 3678 chimedes
648 3648 692 3688 s,
720 3638 789 3677 ed.
816 3637 993 3680 Helber
938 3648 1033 3688 erg.
1078 3639 1143 3679 11.
1943 3635 1972 3686 7
