2659 3967
442 149 576 213 344
898 143 1515 202 ΤΕΤΡΔΓΩΝΪΣΜΟΣ
1550 147 2014 200 ΠΑΡΑΒΟΛΗΣ.

440 286 659 358 αὐτὰν
704 288 907 375 βάσιν
955 295 1087 378 ἔχει
1132 293 1223 382 τῷ
1253 295 1452 356 ΑΖΒ
1489 287 1778 376 τμᾶματι
1814 287 1929 354 καὶ
1962 286 2137 368 ὕψος
2173 285 2253 355 τὸ
2295 285 2478 355 αὐτό.

444 395 762 482 δεικτέον,
810 394 914 464 ὅτι
960 394 1414 464 ὀκταπλάσιόν
1461 397 1597 463 ἐστι
1633 393 1709 462 τὸ
1746 400 1953 462 ΑΒΓ
1978 400 2324 482 τρίγωνον
2360 397 2482 460 τοῦ

440 508 572 568 ΑΒ
587 507 642 567 Ζ
685 501 1039 590 τριγώνου.
1899 503 1906 508 ’

576 629 758 694 ἔστιν
819 618 946 693 οὖν
1007 622 1049 693 ἆ
1096 633 1234 693 ΒΔ
1292 628 1410 704 τᾶς
1464 624 1586 711 μὲν
1633 631 1759 692 ΕΖ
1813 626 2169 713 ἐπίτριτος,
2227 628 2354 716 τᾷς
2405 620 2478 689 δὲ

376 745 409 795 5
447 738 573 799 ΕΘ
638 735 971 799 διπλασία.
1064 735 1381 799 διπλασία
1446 728 1576 819 ἄρα
1642 730 1821 798 ἐστὶν
1881 726 1924 798 ἆ
1981 736 2107 798 ΕΘ
2159 733 2284 809 τᾶς·
2339 734 2478 795 ΘΖ.

441 835 610 906 ὥστε
652 837 767 905 καὶ
810 834 888 905 τὸ
916 842 1117 905 ΑΕΒ
1154 842 1489 927 τρίγωνον
1527 835 1884 904 διπλάσιόν
1921 837 2060 903 ἐστι
2095 840 2219 903 τοῦ
2252 843 2480 903 ΖΒΑ·

439 941 515 1012 τὸ
574 943 698 1029 μὲν
750 941 880 1031 γὰρ
938 950 1139 1011 ΑΕΘ
1191 941 1550 1010 διπλάσιόν
1607 944 1744 1010 ἐστι
1797 945 1922 1010 τοῦ
1968 948 2195 1027 ΑΘΖ,
2265 940 2348 1009 τὸ
2407 939 2480 1007 δὲ

440 1055 643 1116 ΘΒΕ
680 1053 805 1118 τοῦ
843 1055 1050 1117 ΖΘΒ.
1116 1047 1284 1117 ὥστε
1328 1047 1406 1118 τὸ
1447 1054 1657 1116 ΑΒΓ
1690 1051 1814 1116 τοῦ
1850 1054 2046 1115 ΑΖΒ
2095 1047 2235 1114 ἐστι
2283 1044 2481 1114 ὀκτα-

439 1153 745 1222 πλάσιον.
821 1152 1071 1242 ὁμοίως
1117 1156 1192 1224 δὲ
1239 1157 1665 1243 ὃειχθησέται
1709 1155 1821 1222 καὶ
1865 1158 1990 1222 τοῦ
2025 1158 2122 1233 είς
2153 1151 2233 1221 τὸ
2275 1158 2492 1220 ΒΗΓ

334 1275 403 1324 10
439 1263 663 1346 τμᾶμα
711 1261 1173 1349 ἐγγραφέντος.
1270 1269 1277 1276 ’
2585 1279 2588 1388 ³

1386 1461 1472 1541 κβ
1481 1455 1520 1523 ’.
2587 1452 2589 1516 ff

574 1585 669 1647 Εἴ
704 1605 789 1647 κα
832 1572 877 1669 ᾖ
921 1584 1143 1669 τμᾶμα
1189 1580 1666 1668 περιεχόμενον
1712 1575 1846 1649 ὑπὸ
1895 1578 2168 1660 εὐθείας
2211 1579 2328 1646 καὶ
2367 1577 2486 1667 ὀρ-
2590 1622 2591 1654 ¹

440 1691 794 1772 θογωνίου
836 1686 1065 1756 κώνου
1099 1692 1329 1774 τομᾶς,
1377 1687 1489 1754 καὶ
1525 1693 1738 1775 χωρία
1771 1688 2088 1755 τεθέωντι
2131 1687 2281 1773 ἑξῆς
2319 1683 2484 1754 ὁπο-

442 1796 657 1862 σαοῦν
716 1796 789 1862 έν
844 1798 935 1887 τῷ
989 1799 1501 1882 τετραπλασίονι
1555 1792 1769 1885 λόγῳ,
1824 1784 1868 1882 ᾖ
1916 1791 1992 1861 δὲ
2035 1791 2113 1861 τὸ
2161 1799 2486 1878 μέγιστον

335 1910 402 1960 15
438 1901 574 1966 τῶν
633 1905 900 1988 χωρίων
960 1909 1113 1970 ἴσον
1167 1904 1259 1992 τῷ
1313 1899 1620 1990 τριγώνῳ
1676 1903 1768 1990 τῷ
1824 1899 2028 1985 βάσιν
2084 1904 2308 1986 ἔχοντι
2352 1897 2485 1967 τὰν

440 2002 656 2073 αὐτὰν
718 2010 809 2097 τῷ
868 2005 1156 2093 τμάματι
1208 2005 1321 2072 καὶ
1378 2003 1552 2086 ὕψος
1605 2004 1681 2072 τὸ
1730 2003 1929 2089 αὐτό,
1993 2002 2353 2089 σύμπαντα
2397 2002 2483 2071 τὰ

438 2115 651 2198 χωρία
698 2109 1029 2179 ἐλάσσονα
1076 2113 1365 2181 ἐσσείται
1408 2114 1532 2179 τοῦ
1577 2110 1932 2199 τμάματος.

574 2237 739 2301 ἔστω
785 2233 915 2323 γὰρ
963 2239 1184 2323 τμᾶμα
1219 2235 1294 2305 τὸ
1337 2246 1400 2305 Α
1411 2236 1691 2304 ΔΒΕΓ
1717 2233 2194 2325 περιεχόμενον
2229 2231 2373 2302 ὑπό
2411 2247 2486 2302 τε

440 2335 713 2419 εὐθείας
756 2339 868 2406 καὶ
916 2337 1350 2429 ὀρθογωνίου
1393 2342 1622 2412 κώνου
1665 2345 1895 2429 τομᾶς,
1941 2347 2153 2430 χωρία
2191 2339 2267 2408 δὲ
2306 2345 2484 2408 ἔστω

337 2457 407 2509 20
445 2440 791 2514 ὁποσαοῦν
838 2444 986 2532 ἑξῆς
1028 2452 1300 2534 κείμενα
1345 2446 1424 2516 τὰ
1475 2456 1560 2535 Ζ,
1608 2455 1709 2534 Η,
1755 2455 1834 2534 Θ,
1881 2455 1942 2534 Ι,
1990 2446 2489 2536 τετραπλάσιον

439 2551 515 2619 δὲ
551 2556 717 2620 ἔστω
751 2550 829 2620 τὸ
867 2549 1249 2640 ἆγούμενον
1283 2559 1410 2623 τοῦ
1447 2554 1802 2640 ἑπομένου,
1838 2555 2152 2641 μέγιστον
2191 2553 2267 2622 δὲ
2305 2558 2486 2621 ἔστω

436 2656 512 2727 τὸ
570 2665 657 2745 Ζ,
719 2659 832 2726 καὶ
898 2664 1065 2730 ἔστω
1127 2660 1203 2728 τὸ
1264 2668 1319 2728 Ζ
1386 2669 1538 2728 ἴσον
1601 2664 1694 2754 τῷ
1758 2660 2065 2752 τριγώνῳ
2122 2663 2213 2751 τῷ
2272 2659 2488 2746 βάσιν

437 2768 655 2852 ἔχοντι
708 2765 835 2834 τὰν
890 2766 1105 2836 αὐτὰν
1160 2771 1252 2861 τῷ
1308 2767 1595 2854 τμάματι
1640 2768 1753 2836 καὶ
1797 2765 1970 2849 ὕψος
2018 2775 2186 2835 ἴσον.
2279 2767 2485 2852 λέγω,

438 2868 540 2938 ὅτι
585 2872 661 2939 τὸ
709 2877 932 2961 τμᾶμα
976 2879 1113 2942 τῶν
1160 2881 1238 2959 Ζ,
1284 2881 1377 2960 Η,
1424 2881 1502 2959 Θ,
1548 2881 1595 2942 Ι
1635 2881 1901 2964 χωρίων
1947 2873 2173 2962 μεῖζόν
2221 2875 2424 2941 ἐστιν.

326 3008 397 3057 25
571 2999 737 3063 ἔστω
778 3001 900 3065 τοῦ
938 2996 1060 3084 μὲν
1102 2995 1267 3066 ὅλου
1303 2996 1643 3084 τμοὲματος
1678 2995 1944 3087 κορυφά
1982 2995 2059 3066 τὸ
2099 3004 2179 3082 Β,
2225 3000 2362 3064 τῶν
2407 2997 2486 3065 δὲ

436 3103 1001 3188 περιλειπομένων
1038 3104 1400 3192 τμαμοὶτων
1437 3101 1518 3170 τὰ
1551 3112 1638 3190 Δ,
1677 3111 1753 3171 Ε.
1821 3102 1958 3171 ἐπεὶ
2005 3094 2134 3171 οὖν
2170 3100 2246 3171 τὸ
2276 3110 2496 3171 ΑΒΓ

435 3210 768 3294 τρίγωνον
808 3205 1259 3277 ὀκταπλάσιόν
1295 3212 1478 3278 ἐστιν
1507 3210 1825 3299 ἑκατέρου
1851 3212 1986 3278 τῶν
2017 3217 2248 3295 ΑΒΔ,
2280 3215 2495 3277 ΒΕΓ

580 3426 627 3476 1.
666 3420 769 3490 τῷ]
807 3439 873 3474 το
908 3421 969 3476 F.
1114 3441 1361 3493 τμηματι
1398 3422 1470 3490 1³¹3
1510 3440 1648 3478 corr.
1687 3421 1983 3491 ΤοτοΙΙίιιε,
2019 3424 2085 3477 ut
2120 3423 2222 3478 lin.
2263 3428 2350 3490 12,
2391 3429 2482 3492 16,

440 3496 523 3558 1⁷,
563 3496 645 3558 18,
683 3496 770 3561 23,
808 3497 895 3560 24,
934 3496 1020 3561 25,
1059 3498 1144 3549 26.
1278 3499 1362 3547 10.
1401 3512 1687 3564 τμηματος
1721 3493 1790 3562 Ἐς
1829 3509 1968 3548 corr.
2006 3493 2070 3547 Β.
2178 3497 2262 3547 18.
2297 3512 2486 3563 τομης
