2659 3967
665 137 1209 238 'QUADRATURA
1243 171 1701 228 PARABOLAE.
2099 172 2229 240 353

184 319 387 385 simul
442 319 659 403 spatia.
710 318 969 384 minora
1025 339 1166 384 esse
1221 339 1419 404 quam
1474 317 1676 384 tertia
1728 322 1916 404 parte
1970 319 2223 385 maiora

187 426 477 492 maximo
538 427 750 510 [prop.
807 426 942 507 23].
1033 424 1319 510 spatium
1379 429 1600 491 autem
1654 427 1724 490 K
1780 425 1977 491 tertia
2035 429 2223 511 parte

188 532 406 598 maius
448 535 549 597 est
579 532 864 598 maximo
894 533 1125 616 spatio.
1190 532 1415 616 itaque
1444 535 1852 619 segmentum
1881 537 1946 596 A
1956 536 2022 596 Δ
2032 536 2089 597 Β
2103 535 2238 598 ΕΓ

190 641 406 706 maius
450 660 585 704 non
631 644 734 704 est
779 638 992 722 spatio
1019 643 1106 704 K.
1152 675 1237 685 —
1285 638 1374 704 sit
1419 641 1657 722 autem,
1703 639 1761 704 si
1803 639 1950 704 fieri
1991 642 2232 723 potest,

190 747 425 812 minus.
487 748 769 828 ponatur
804 745 1008 830 igitur
1045 748 1350 810 ABF===
1374 742 1508 828 ΖΙ),
1544 747 1871 830 H=‡z,
1905 748 2231 830 &==‡H‚

187 856 259 917 et
296 852 595 936 deinceps
633 851 851 936 spatia
885 856 1233 937 ponantur,
1270 851 1424 916 dum
1461 851 1578 916 fiat
1610 851 1919 917 ultimum
1947 851 2236 936 spatium

191 959 411 1025 minus
434 980 717 1045 excessu,
747 981 873 1045 quo
906 959 1192 1044 spatium
1212 961 1282 1024 K
1307 962 1720 1044 segmentum
1748 958 1996 1024 excedit
2017 957 2232 1040 [Euol.

190 1065 276 1151 X,
318 1067 403 1150 1],
452 1069 518 1130 et
564 1067 716 1148 [hoo
760 1069 1050 1149 excessu]
1098 1067 1312 1131 minus
1361 1066 1451 1131 sit
1495 1070 1552 1130 I.
1645 1067 1797 1131 sunt
1839 1065 2044 1152 igitur

415 1175 1559 1257 Z÷H÷ffl414251=32
1605 1173 1817 1258 [prop.
1862 1173 2006 1258 23];

192 1280 311 1346 sed
358 1283 499 1345 erat
544 1280 742 1344 etiam
789 1283 861 1344 K
887 1310 971 1334 π
999 1283 1128 1364 ᾒ-Ζ.
1218 1279 1440 1364 itaque

653 1387 1777 1471 ΚπΖ-Ι-Η-Ι-Θ-Ι-Ι-Ι-ᾗΙ.

192 1493 329 1558 iam
390 1491 694 1577 quoniam
754 1491 1038 1577 spatium
1092 1496 1164 1557 K
1216 1493 1432 1576 spatia
1489 1496 1572 1578 Z,
1618 1495 1714 1578 H,
1759 1497 1842 1579 Θ,
1887 1498 1934 1558 Ι
1983 1494 2233 1560 excedit

199 1597 416 1684 spatio
461 1599 739 1682 minore,
784 1618 977 1682 quam
1025 1599 1126 1664 est
1174 1599 1463 1684 spatium
1507 1602 1576 1685 Ι,
1621 1602 2030 1684 segmentum
2075 1622 2232 1666 uero

198 1704 418 1788 spatio
465 1705 731 1789 maiore,
777 1724 973 1788 quam
1010 1708 1113 1769 est
1149 1708 1208 1788 I,
1254 1704 1542 1790 adparet,
1587 1705 1804 1789 spatia
1842 1708 1916 1790 Z,
1952 1708 2039 1785 H,
2075 1709 2151 1790 Θ,
2186 1710 2236 1770 I

200 1811 454 1877 maiora
511 1832 650 1877 esse
705 1813 1071 1896 segment03
1141 1809 1315 1894 quod
1367 1811 1509 1875 fieri
1561 1831 1695 1875 non
1749 1814 1988 1895 potest.
2075 1833 2230 1878 nam

201 1917 716 1985 demonstratum
774 1921 902 2003 est,
958 1917 1014 1982 si
1071 1916 1288 2002 spatia
1344 1917 1667 2005 quotlibet
1721 1916 2021 2004 deinceps
2077 1917 2234 1985 data

203 2023 339 2089 sint
382 2025 453 2089 in
497 2024 859 2109 quadrupla
903 2024 1348 2110 proportione,
1393 2026 1461 2088 et
1504 2022 1860 2089 maximum
1895 2024 2234 2109 triangulo

204 2133 540 2217 segmento
605 2129 921 2214 inscripto
987 2129 1259 2215 aequale
1313 2130 1426 2213 sit,
1489 2129 1712 2196 omnia
1765 2129 1962 2197 simul
2017 2132 2232 2215 spatia

197 2237 461 2303 >minora
502 2235 645 2302 fore
691 2240 1029 2323 segmento
1077 2237 1288 2322 [prop.
1332 2235 1470 2317 22].
1553 2235 1776 2321 itaque
1825 2240 2234 2323 segmentum

204 2349 269 2409 Α
277 2349 346 2409 Λ
353 2348 410 2409 Β
422 2345 556 2408 ΕΓ
618 2343 831 2408 minus
894 2365 1028 2409 non
1092 2345 1195 2409 est
1257 2342 1471 2427 spatio
1536 2346 1620 2408 K.
1719 2342 2234 2411 demonstratum

204 2455 424 2516 autem
481 2453 607 2534 est,
660 2450 728 2515 id
780 2471 863 2514 ne
918 2451 1129 2516 maius
1186 2448 1443 2535 quidem
1500 2470 1659 2514 esse.
1749 2449 1971 2535 itaque
2017 2451 2232 2533 spatio

204 2562 275 2622 K
318 2557 587 2643 aequale
634 2560 752 2622 est.
817 2556 930 2622 sed
977 2556 1261 2642 spatium
1296 2559 1369 2619 K
1409 2555 1610 2621 tertia
1652 2557 1840 2640 parte
1886 2554 2096 2621 maius
2135 2560 2237 2622 est

202 2664 537 2749 triangulo
585 2666 803 2728 ΑΒΓ.
891 2663 1113 2747 itaque
1168 2661 1368 2727 etiam
1425 2664 1836 2748 segmentum
1891 2665 2248 2728 ΑΔΒΕΓ

204 2769 404 2833 tertia
447 2772 633 2852 parte
678 2768 888 2834 maius
937 2773 1037 2834 est
1080 2767 1412 2852 triangulo
1460 2771 1525 2830 A
1540 2769 1683 2832 ΒΓ.

351 2964 404 3032 1)
440 2962 699 3017 Fortasse
748 2959 1107 3017 scribendum
1154 2961 1243 3014 est
1288 2957 1388 3013 lin.
1426 2963 1568 3014 4-5
1611 2960 1828 3016 κείσθω
1873 2956 1945 3031 δὴ
1991 2960 2077 3036 τῷ
2123 2959 2232 3032 μὲν

205 3038 374 3089 ΑΒΓ
403 3029 680 3107 τριγώνῳ
720 3035 843 3088 ἴσον
877 3028 941 3086 τὸ
981 3036 1040 3088 Ζ.

316 3629 633 3683 Archimedes,
662 3628 733 3670 οδ..
758 3627 977 3679 Eeiberg.
1033 3627 1096 3669 11.
1847 3621 1916 3670 23
