2659 3967
338 162 463 239 148
520 165 909 218 ΕΠΙΠΕΔΩΝ
943 166 1173 220 ΙΣΟΡΡ.
1213 165 1269 216 H
1304 165 1596 218 KENTPA
1629 165 1870 219 BAPszN
1905 167 2112 222 Emn.
2152 160 2241 219 A'.

329 307 667 430 κειμένου
713 306 1033 393 μεγέθεος
1103 305 1387 396 κέντρον
1451 307 1738 374 ἐσσείται
1799 310 1922 374 τοῦ
1986 305 2230 394 βάρεος
2292 306 2368 376 τὸ

331 413 539 506 μέσον
584 415 703 494 τᾶς
750 409 1023 494 εὐθείας
1065 415 1189 492 τᾶς
1238 414 1794 500 ἐπιζευγνυούσας
1837 415 1973 480 τῶν
2019 414 2368 500 μεγεθέων

332 517 412 587 τὰ
460 519 703 608 κέντρα
747 523 871 587 τοῦ
917 518 1177 608 βάρεος.

465 629 631 693 ἔστω
688 629 811 694 τοῦ
868 624 992 711 μὲν
1038 634 1103 694 Α
1163 625 1446 714 κέντρον
1500 601 1624 694 τοῦ
1680 623 1924 715 βαρεος
1969 623 2046 695 τὸ
2091 635 2188 712 A,
2250 629 2373 694 τοῦ

263 751 297 800 5
337 732 413 800 δὲ
456 738 553 799 Β.
571 731 647 801 τὸ
696 740 774 801 Β.
864 732 977 800 καὶ
1036 735 1501 822 ἐπιζευχθεῖσα
1544 732 1587 800 ἆ
1635 740 1766 802 ΑΒ
1813 732 2165 821 τετμάσθω
2213 737 2370 821 δίχα

329 837 494 908 κατὰ
551 837 628 907 τὸ
676 844 751 906 Γ.
840 840 1043 926 λέγω,
1102 837 1207 907 ὅτι
1263 843 1388 908 τοῦ
1447 839 1513 919 ἐξ
1559 837 1960 927 ἀμφοτέρων
2004 843 2143 906 τῶν
2188 865 2373 926 μεγε-

331 947 518 1014 θέων
566 947 1009 1033 συγκειμένου
1054 946 1381 1033 μεγέθεος
1425 946 1707 1035 κέντρον
1753 945 1892 1014 ἐστὶ
1936 943 2014 1014 τὸ
2061 951 2135 1014 Γ.

408 1131 420 1136 ‚
468 1055 531 1119 εἰ
572 1051 703 1141 γὰρ
751 1051 865 1140 μή,
912 1057 1079 1122 ἔστω
1127 1057 1250 1122 τοῦ
1301 1053 1368 1134 ἐξ
1403 1050 1817 1142 ρμφοτέρων
1863 1057 2000 1122 τῶν
2038 1061 2123 1139 A,
2160 1061 2219 1121 Β
2265 1079 2375 1140 με-

594 1211 597 1216 -
1512 1159 1777 1246 γεθέων
1804 1160 2087 1246 κέντρον
2113 1163 2238 1228 τοῦ
2257 1159 2376 1246 βά-

1516 1292 1667 1355 ρεος
1710 1264 1786 1335 τὸ
1827 1274 1916 1353 A,
1963 1270 2026 1334 εί
2062 1265 2374 1336 δυνατόν.

1518 1372 1644 1442 aa·
1675 1371 1804 1461 γάρ
1861 1375 2044 1440 ἐστιν
2099 1373 2206 1442 ἐπὶ
2259 1377 2380 1454 τοῖς

1517 1488 1670 1567 AB,
1699 1483 2180 1567 προδεδεώιται.
2233 1479 2376 1548 ἐπεὶ

1519 1579 1647 1656 οὖν
1691 1585 1768 1656 τὸ
1808 1595 1875 1656 A
1921 1599 2199 1673 σαμεϊον
2231 1588 2375 1655 κέν-

1306 1785 1313 1790 .
1515 1717 1680 1780 τρον
1737 1693 1917 1760 ἐστὶν
1967 1697 2091 1760 τοῦ
2136 1691 2380 1782 βάρεος

236 1817 301 1867 15
340 1803 462 1868 τοῦ
510 1803 581 1869 ἐκ
625 1803 762 1868 τῶν
812 1808 905 1886 Α,
950 1807 1009 1867 Β
1057 1800 1502 1886 συγκειμένου
1547 1798 1888 1885 μεγέθεος,
1932 1801 2382 1888 κατεχομένου

339 1911 462 1975 τοῦ
511 1914 577 1973 A
634 1905 1086 1994 ἰσορροπήσει.
1175 1903 1257 1974 τὰ
1317 1905 1451 1994 ἄρα
1509 1912 1600 1990 Α,
1657 1910 1716 1971 Β
1771 1907 2061 1992 μεγέθεα
2116 1909 2382 1994 ἰσορρο-

341 2016 670 2100 πησοῦντι
710 2009 847 2088 ,ἀπὸ
894 2016 1031 2080 τῶν
1069 2019 1134 2079 Α
1145 2020 1233 2099 A,
1281 2020 1351 2079 A
1359 2020 1415 2080 Β
1454 2012 1746 2100 μακέων·
1804 2010 1966 2102 ὅπερ
2004 2009 2346 2080 ἀδύνατον
2367 2031 2382 2046 ·

341 2119 424 2187 τὰ,
470 2118 599 2207 γὰρ
638 2126 751 2186 ἴσα
788 2115 920 2188 ἀπὸ
959 2121 1096 2187 τῶν
1134 2117 1393 2186 ἀνίσων
1433 2118 1697 2206 μακέων
1737 2117 1861 2186 οὐκ
1899 2119 2383 2207 ἰσορροπέοντι.

344 2229 557 2312 δῆλον
605 2217 754 2312 οὖν,
803 2223 905 2292 ὅτι
950 2225 1026 2292 τὸ
1076 2230 1143 2292 Γ
1175 2225 1455 2313 κέντρον
1503 2223 1640 2293 ἐστὶ
1687 2227 1811 2293 τοῦ
1856 2223 2098 2313 βάρεος
2141 2229 2264 2293 τοῦ
2312 2227 2386 2294 ἐκ

237 2352 308 2403 20
343 2334 481 2400 τῶν
527 2340 612 2418 A,
659 2339 715 2399 Β
765 2332 1204 2419 συγκειμένου
1249 2332 1590 2420 μεγέθεος.

233 1283 297 1333 10

1324 2536 1356 2577 ε
1389 2562 1404 2577 .

486 2641 580 2700 Ee
616 2660 701 2701 κα
755 2637 962 2724 τριῶν
1009 2635 1352 2723 μεγεθέων
1404 2630 1486 2699 τὰ
1532 2633 1774 2718 κέντρα
1819 2635 1942 2700 τοῦ
1990 2631 2234 2722 βάρεος
2280 2629 2383 2700 ἐπ’

352 2737 624 2820 εὐθείας
686 2744 886 2809 ἔωντι
946 2744 1251 2826 κείμενα,
1313 2739 1424 2826 καὶ
1486 2737 1568 2805 τὰ
1622 2739 1912 2825 μεγέθεα
1969 2745 2122 2806 ἴσον
2176 2737 2388 2828 βάρος

353 2851 611 2934 ἔχωντι,
649 2847 760 2916 καὶ
799 2849 874 2914 αἱ
907 2845 1151 2932 μεταξὺ
1186 2849 1325 2914 τῶν
1362 2846 1659 2932 κέντρων
1695 2840 1963 2912 εὐθείαι
2001 2853 2142 2913 ἴσαι
2169 2849 2388 2929 ἕωντι,

246 2969 313 3020 25
350 2957 473 3043 τοῦ
530 2955 601 3020 ἐκ
655 2951 927 3020 πάντων
981 2957 1119 3020 τῶν
1174 2951 1520 3039 μεγεθέων
1577 2952 2017 3038 συγκειμένου
2071 2952 2390 3039 μεγέθεος

348 3060 631 3147 κέντρον
688 3061 973 3126 ἐσσείται
1028 3061 1150 3126 τοῦ
1206 3057 1450 3146 βάρεος
1508 3053 1586 3125 τὸ
1643 3071 1958 3144 σαμεϊον,
2025 3053 2062 3126 ὃ
2109 3057 2220 3124 καὶ
2266 3059 2392 3125 τοῦ

353 3167 562 3254 μέσου
606 3162 682 3232 τὸ
732 3162 897 3233 αὐτὸ
945 3165 1227 3250 κέντρον
1274 3164 1412 3231 ἐστὶ
1457 3167 1580 3230 τοῦ
1628 3163 1888 3251 βάρεος.

502 3313 549 3362 1.
588 3310 872 3430 μεγεθους
906 3307 970 3374 F,
1007 3306 1104 3360 uul
1107 3323 1199 3376 g,0
1236 3309 1303 3362 ut
1338 3301 1966 3376 11η.·1.ἐσσείται]
2009 3303 2232 3375 scripsi3
2282 3323 2388 3358 ουν

354 3397 457 3450 per
492 3395 672 3447 comp.
832 3375 987 3433 ἔσται
1022 3379 1212 3448 uulgo.
1324 3383 1376 3432 2.
1415 3380 1598 3448 μεγεθ
1635 3393 1761 3430 cum
1799 3392 1922 3431 com
1965 3417 1979 3432 .
2019 3397 2100 3430 ων
2137 3376 2387 3443 F30011.

356 3449 651 3517 Tol-enine,
687 3453 753 3504 ut
788 3449 885 3507 lin.
924 3456 974 3519 6,
1012 3456 1063 3506 8.
1200 3455 1250 3505 5.
1288 3453 1587 3536 τετμησθω
1623 3447 1697 3515 F;
1735 3463 1874 3503 corr.
1962 3447 2204 3504 orellius.
2337 3453 2387 3501 ’1.

358 3517 476 3577 ἐστὶ
512 3521 614 3576 τοῦ
648 3515 851 3593 βαρεος
880 3521 1171 3578 Torelliufl.
1282 3527 1331 3576 8.
1373 3517 1670 3590 μεγεθέων
1701 3516 2073 3590 συγκειμένου
2101 3517 2390 3589 μεγέθους
