2659 3967
1064 128 1499 185 ARENARIUS.
2163 128 2290 194 277

262 299 403 342 eem
476 275 837 340 unitatibus
912 273 1336 339 secundorum
1411 295 1826 340 numerorum
1901 279 1965 340 et
2039 268 2296 341 eentum

260 382 668 466 myriadibus
725 385 886 448 ort0.
979 385 1046 445 et
1104 379 1413 464 quoniam
1469 381 1691 447 decem
1746 381 2031 445 unitates
2080 403 2299 446 secun-
2337 383 2378 448 3

264 487 493 556 dorum
538 509 955 553 numerorum
1002 487 1285 552 decimus
1330 487 1414 552 ab
1453 480 1708 553 unitate
1743 506 2052 552 numerus
2093 491 2193 552 est
2229 488 2300 550 in

263 596 685 679 proportione
750 594 1177 659 terminorum
1239 613 1356 677 per
1422 593 1640 659 decem
1707 595 2160 680 crescentium,
2234 599 2302 658 et

264 704 521 764 eentum
580 701 907 785 myriades
947 701 1280 785 ‘septimus
1344 705 1444 766 est
1505 703 1586 767 ab
1641 702 1891 767 unitate
1945 702 2015 766 in
2075 700 2300 767 eadem

269 809 709 894 proportione,
756 809 1043 892 adparet,
1089 807 1474 892 productum
1507 807 1648 873 fore
1687 811 1960 884 sextum,
1979 808 2299 873 decimum
2357 799 2372 852 ‘'-

270 912 354 976 ab
411 914 665 978 unitate
721 915 790 978 in
837 913 1062 977 eadem
1109 914 1545 998 proportione.
1637 913 2153 978 demonstratum
2203 917 2306 977 est

268 1020 469 1104 enim,
524 1020 591 1084 id
644 1041 773 1085 uno
819 1020 1130 1103 pauciora
1172 1019 1318 1085 loca
1365 1019 1446 1084 ab
1493 1022 1744 1085 unitate
1791 1021 2045 1104 abesse,
2103 1041 2297 1104 quam

268 1129 548 1210 quantus
606 1131 706 1191 est
760 1149 1065 1191 numerus
1118 1129 1542 1211 utrorumque
1596 1119 1916 1210 locorum,
1973 1147 2135 1210 quae
2191 1149 2302 1189 nu-

266 1232 430 1296 meri
484 1233 656 1296 inter
714 1254 781 1295 se
838 1231 1260 1315 multiplicati
1316 1231 1397 1296 ab
1443 1231 1696 1296 unitate
1741 1233 1964 1298 absint
2011 1230 2168 1313 [III,
2215 1233 2302 1312 6].
2395 1257 2408 1278 ·-

265 1338 501 1402 horum
548 1341 764 1402 autem
812 1337 1090 1402 sedecim
1136 1337 1330 1421 primi
1377 1341 1521 1403 oeto
1569 1360 1718 1404 eum
1753 1337 2008 1402 unitate
2043 1336 2092 1400 ii
2131 1341 2304 1421 sunt,

272 1442 384 1526 qui
446 1441 653 1529 primi·
698 1445 1044 1526 uocantur,
1109 1444 1255 1508 octo
1322 1441 1664 1525 sequentes
1729 1443 1804 1526 ii,
1871 1442 1980 1526 qui
2039 1443 2299 1508 secundi

269 1550 613 1626 uocantur,
674 1550 741 1611 et
796 1547 1063 1612 ultimus
1124 1567 1346 1612 eorum
1399 1546 1579 1612 mille
1633 1547 1956 1632 myriades
2005 1552 2158 1614 sunt
2205 1571 2305 1626 se-

268 1653 626 1718 cundorum
689 1675 1126 1719 numerorum.
1218 1651 1634 1717 manifestum
1691 1657 1794 1718 est
1849 1653 2080 1738 igitur,
2144 1655 2306 1718 mul·

274 1759 623 1824 titudinem
703 1780 937 1824 arenae
1008 1756 1522 1843 magnitudinem
1594 1758 1898 1824 habentis
1920 1746 1938 1764 ’
1972 1759 2307 1843 aequalem

270 1863 585 1948 sphaerae
652 1864 1040 1928 diametrum
1102 1867 1360 1928 eentum
1417 1862 1656 1947 digitos
1712 1864 1982 1949 longam
2037 1864 2308 1930 habenti

267 1970 589 2034 minorem
644 1990 785 2034 esse
842 1990 1037 2053 quam
1094 1967 1273 2032 mille
1330 1968 1657 2050 myriades
1717 1970 2144 2036 secundorum
2189 1993 2306 2035 nu-

268 2097 614 2142 merorum.
714 2097 939 2140 rursus
1012 2078 1231 2140 autem
1306 2074 1502 2138 etiam
1569 2075 1846 2158 sphaera
1911 2076 2300 2143 diametrum
2339 2077 2384 2140 4

267 2181 517 2246 habens
579 2181 797 2246 decem
859 2180 1071 2245 millia
1130 2180 1484 2264 digitorum
1540 2181 1805 2266 longam
1862 2188 2123 2248 eentum
2170 2206 2306 2269 my-

272 2288 561 2353 riadibus
616 2287 959 2371 multiplex
1016 2289 1117 2350 est
1178 2307 1374 2370 quam
1433 2287 1709 2371 sphaera
1755 2287 2145 2356 diametrum
2191 2290 2306 2355 ha-

270 2394 434 2459 bens
481 2397 743 2459 eentum
789 2393 1032 2478 digitos
1077 2393 1363 2476 longam.
1438 2393 1495 2457 si
1529 2393 1734 2480 igitur
1771 2415 1850 2458 ex
1887 2417 2086 2460 arena
2121 2399 2308 2462 tanta

275 2500 553 2590 sphaera
609 2499 914 2584 efficitur,
972 2503 1219 2584 quanta
1274 2502 1378 2564 est
1432 2499 1710 2583 sphaera
1767 2499 2154 2565 diametrum
2201 2501 2308 2565 de-

273 2627 414 2671 cem
458 2606 671 2671 millia
717 2605 1075 2690 digitorum
1120 2605 1389 2690 longam
1434 2605 1705 2688 bahem,
1751 2605 2041 2688 adparet,
2086 2629 2307 2672 nume-

270 2735 416 2778 rum
480 2734 717 2778 arenae
762 2712 1081 2777 minorem
1128 2712 1269 2777 fore
1312 2733 1584 2794 numero
1631 2710 2083 2794 multiplicatis
2130 2712 2309 2776 mille

271 2819 681 2903 myriadibus
730 2818 1157 2884 secundorum
1201 2838 1622 2882 numerorum
1670 2820 1738 2881 et
1773 2819 2033 2882 eentum
2069 2817 2309 2902 myria-

274 3043 525 3116 μονάδος
561 3045 785 3100 addidit
818 3044 1045 3102 wallis.
1187 3038 1225 3113 ἢ
1262 3035 1423 3126 ὅσος]
1461 3059 1632 3106 accos
1666 3044 1736 3110 F;
1771 3035 1914 3101 oon.
1951 3045 2174 3102 wallis.

272 3112 304 3170 ὃ
345 3112 620 3200 dogmatis]
660 3121 906 3172 ελαττων
942 3114 1012 3182 Ἐς
1061 3132 1198 3170 corr.
1237 3113 1461 3170 Walhs.
1645 3133 1912 3186 συναμφο
1949 3117 2014 3171 δε
2051 3116 2120 3184 Ἐς
2169 3132 2307 3172 corr.

266 3184 492 3312 ἔξω·
640 3185 1356 3326 {assuafam
1372 3183 1723 3312 {2022ss-
1762 3207 1829 3338 τη
1866 3185 1960 3312 ξε.
1977 3187 2309 3313 “5523ss

269 3326 339 3395 Ἐς
387 3343 525 3383 corr.
578 3327 791 3383 Wallis.
939 3333 1025 3383 17.
1066 3345 1271 3398 exo-um]
1308 3329 1354 3382 F
1367 3349 1382 3393 ς
1429 3343 1568 3384 corr.
1607 3327 1832 3384 Walhs.
1982 3331 2144 3382 ελαττ
2183 3345 2309 3384 eum

269 3413 593 3539 ffsspfieffg'v
607 3399 691 3524 ἘἙΞ
715 3415 854 3454 corr,
891 3396 1114 3454 wallis,
1261 3404 1348 3454 21.
1389 3400 1692 3469 μυριαδεσι
1725 3398 1796 3468 Ἐς
1837 3415 1974 3454 corr,
2015 3399 2076 3453 Β.
2220 3405 2306 3478 Ἃ.
