2659 3967
392 187 523 252 150
575 189 963 242 mmm-:Astu
998 191 1228 242 ΙΣΟΡΡ.
1266 191 1322 241 H
1357 191 1644 244 RENTPA
1679 191 1921 243 ΒΑΡΩΝ
1955 193 2162 247 ΕΠῙΠ.
2199 185 2280 244 A'.

521 333 689 400 ἔστω
743 336 895 418 τρία
940 331 1227 417 μεγέθεα
1270 328 1354 398 τὰ
1403 339 1488 416 Α,
1533 335 1616 417 B,
1662 335 1740 417 Γ,
1783 332 2026 421 κέντρα
2073 330 2150 399 δὲ
2195 328 2429 399 αὐτῶν

385 440 511 504 τοῦ
566 435 810 527 βάρεος
863 436 945 505 τὰ
994 446 1087 524 A,
1134 445 1223 523 Β,
1270 444 1336 505 Γ
1373 451 1614 525 σαμετα
1661 435 1763 507 ἐπ’
1815 435 2089 518 εὐθείας
2131 442 2425 524 κείμενα.

388 548 554 611 ἔστω
612 542 690 611 δὲ
741 542 824 611 τά
876 569 948 612 τε
991 552 1089 630 Α,
1144 551 1235 629 Β,
1281 549 1348 611 Γ
1393 550 1538 630 ἶσα,
1599 543 1714 613 καὶ
1768 547 1846 612 αἱ
1885 551 2044 632 ΑΓ,
2099 549 2225 612 ΓΒ
2279 551 2429 612 ἶσαι

384 647 669 718 εὐθείαι.
732 651 927 736 λέγω,
974 646 1078 718 ὅτι
1123 653 1245 717 τοῦ
1293 651 1366 718 ἐκ
1399 647 1674 718 πάντων
1709 654 1847 720 τῶν
1884 650 2227 737 μεγεθέων
2265 668 2428 736 συγ-

314 768 347 818 5
384 757 699 843 κειμένου
724 756 1043 842 μεγέθεος
1069 757 1350 845 κέντρον
1376 760 1502 825 τοῦ
1531 755 1775 845 βαρεός
1793 759 1934 825 ἐστι
1950 755 2026 826 τὸ
2047 763 2426 843 Γσαμετον.

518 863 660 934 ἐπεὶ
713 860 843 949 γὰρ
896 861 978 929 τὰ
1024 871 1091 932 Α
1101 913 1121 948 ,
1166 869 1225 930 Β
1286 864 1577 949 μεγέθεα
1623 871 1775 932 ἴσον
1821 863 2040 952 βάρος
2075 868 2230 952 ἔχει,
2275 867 2430 966 κέν-

383 1634 552 1698 τρον
609 1611 896 1678 έσσείται
948 1613 1072 1678 τοῦ
1128 1610 1372 1697 βάρεος
1415 1610 1492 1679 τὸ
1539 1618 1605 1680 Γ
1639 1624 1952 1698 σαμεῑον,
2005 1609 2233 1698 ἐπειδὴ
2281 1617 2430 1678 ἴσαι

388 1716 531 1785 ἐντὶ
584 1719 662 1784 αἱ
702 1722 854 1803 ΑΓ,
910 1723 1052 1785 ΓΒ.
1144 1722 1327 1787 ἔστιν
1383 1716 1460 1786 δὲ
1513 1717 1626 1786 καὶ
1677 1721 1802 1786 τοῦ
1856 1723 1922 1786 Γ
1963 1719 2246 1808 κέντρον
2297 1721 2427 1786 τοῦ

387 1823 633 1914 βάρεος
694 1821 771 1891 τὸ
830 1829 897 1891 Γ
950 1836 1248 1911 σαμετον.
1343 1827 1558 1910 δῆλον
1621 1816 1782 1910 οὖν,
1847 1822 1951 1894 ὄτι
1983 1824 2119 1892 καὶ
2170 1827 2294 1892 τοῦ
2350 1826 2429 1891 ἐκ

283 1944 353 1996 10
388 1929 665 2000 πάντων
728 1932 1171 2018 συγκειμένου
1234 1933 1555 2018 μεγέθεος
1611 1933 1892 2020 κέντρον
1957 1933 2244 2000 ἐσσείται
2297 1934 2426 1998 τοῦ

386 2034 631 2126 βάρεος
672 2035 751 2105 τὸ
800 2050 1100 2124 σαμεῑον,
1150 2033 1187 2105 ὃ
1234 2039 1350 2106 καὶ
1393 2042 1519 2106 τοῦ
1560 2040 1771 2126 μέσου
1803 2039 2086 2126 κέντρον
2123 2037 2261 2107 ἐστὶ
2295 2041 2428 2107 τοῦ

386 2143 645 2230 βάρεος.

1150 2315 1510 2393 ’ΠοΡΙΣΜΑ
1546 2336 1626 2395 A'.

514 2461 626 2530 Ἐκ
664 2461 748 2549 δὴ
786 2462 1034 2532 τούτου
1070 2462 1397 2552 φανερόν,
1445 2461 1570 2549 ὅτι,
1616 2461 1890 2532 ὁπόσων
1923 2490 2009 2532 κα
2044 2467 2135 2557 τῷ
2173 2461 2428 2550 πλήθει

283 2568 350 2620 ¹5
386 2572 726 2659 περισσῶν
773 2571 1115 2657 μεγεθέων
1159 2568 1243 2637 τὰ
1289 2571 1536 2656 κέντρα
1571 2571 1694 2638 τοῦ
1729 2569 1974 2658 βάρεος
2011 2566 2110 2637 ἐπ’
2153 2565 2430 2648 εὐθείας

384 2681 585 2746 ἔωντι
636 2681 939 2763 κείμενα,
997 2683 1065 2744 εἴ
1110 2702 1196 2744 κα
1248 2675 1333 2743 τά
1386 2701 1459 2744 τε
1513 2684 1668 2744 ἴσον
1722 2674 2056 2762 ἀπέχοντα
2111 2672 2244 2742 ἀπὸ
2299 2679 2429 2743 τοῦ

388 2785 598 2871 μέσου
651 2785 941 2869 μεγέθεα
989 2790 1144 2852 ἴσον
1189 2783 1402 2870 βάρος
1448 2787 1713 2869 ἔχωντι,
1769 2781 1882 2849 καὶ
1929 2783 2005 2848 αἰ
2045 2775 2305 2850 εὐθείαι
2351 2784 2434 2850 αἱ

387 2889 631 2977 μεταξὺ
683 2894 820 2959 τῶν
874 2891 1172 2978 κέντρων
1228 2887 1458 2957 αὐτῶν
1505 2897 1645 2956 ἴσαι
1693 2893 1917 2975 ἔωντι,
1973 2892 2097 2956 τοῦ
2145 2890 2216 2956 έκ
2260 2887 2430 2956 πάν-

387 3023 525 3064 των
568 3000 709 3064 ταῖν
756 2997 1101 3083 μεγεθέων
1149 2997 1589 3083 συγκειμένου
1634 2997 1953 3082 μεγέθεος
1993 2995 2276 3084 κέντρον
2321 2997 2427 3063 έσ-

279 3104 353 3155 20
390 3108 600 3170 σείται
646 3105 768 3169 τοῦ
814 3101 1057 3190 βάρεος
1091 3101 1168 3170 τὸ
1211 3115 1514 3189 σαμεῑον,
1564 3098 1602 3171 ὃ
1639 3102 1751 3169 καὶ
1787 3104 1910 3170 τοῦ
1946 3101 2157 3188 μέσου
2194 3098 2429 3170 αὐτῶν

388 3209 669 3295 κέντρον
718 3206 856 3274 ἐστὶ
901 3211 1024 3276 τοῦ
1072 3207 1332 3296 βάρεος.

533 3392 600 3470 2..
624 3403 826 3454 σημεια
852 3384 898 3438 F
934 3385 1053 3473 (qpi
1090 3385 1150 3439 in
1185 3385 1304 3469 ¹²9⁰.
1329 3383 1478 3440 libro
1513 3385 1632 3440 fere
1667 3392 1904 3456 σαμεῖον
1941 3385 2244 3456 seruauit);
2281 3401 2424 3442 corr.

391 3457 687 3512 Torelhus.
852 3462 903 3514 9.
943 3456 1074 3526 ουν]
1112 3455 1336 3523 add1d1;
1377 3474 1484 3513 om.
1522 3455 1584 3525 F,
1621 3457 1810 3527 uulgo.
1977 3463 2060 3513 13.
2104 3455 2169 3525 [31
2209 3473 2323 3527 mg.
2360 3456 2426 3513 F.

390 3551 477 3602 18.
514 3544 627 3600 τῶν
665 3543 943 3616 κέντρων]
984 3543 1292 3611 Toranium
1330 3563 1433 3600 του
1470 3563 1708 3612 κεντρου
1744 3544 1806 3612 F,
1841 3544 2031 3614 uulgo.
