2659 3967
428 208 562 273 206
939 208 1329 262 ΕΠΙΠΕΔΩΝ
1366 208 1823 261 ΙΣΟΡΡΟΠῙΩΝ
1860 204 1929 260 Β’
1940 249 1951 261 .

424 349 656 438 γώνου
699 348 778 419 τὸ
823 357 880 418 Ι.
956 350 1160 419 πάλιν
1208 348 1284 418 δὲ
1330 353 1497 418 ἔστω
1543 352 1666 416 τοῦ
1713 349 1837 436 μὲν
1872 343 2091 441 ,ΒΛΓ
2126 347 2481 436 τμάματος

423 456 501 525 τὸ
549 458 828 546 κέντρον
874 461 996 526 τοῦ
1042 456 1285 545 βάρεος
1329 455 1406 524 τὸ
1454 461 1561 542 Μ,
1607 459 1729 525 τοῦ
1777 455 1853 524 δὲ
1897 455 2233 545 τριγώνου
2278 453 2354 523 τὸ
2390 462 2477 522 N
2478 464 2488 467 ’

418 1483 556 1566 [καὶ
605 1482 974 1572 ἐπεζεύχθω
1022 1482 1101 1552 τὰ
1141 1491 1219 1569 Θ,
1268 1489 1367 1569 M,
1412 1490 1475 1568 Ι,
1522 1489 1609 1550 Ν.
1685 1489 1799 1549 ἴσα
1844 1479 1977 1569 ἄρα
2022 1481 2203 1550 ἐστὶν
2250 1478 2294 1548 ἆ
2334 1488 2485 1550 ΘΧ

361 1620 370 1626 -
413 1591 496 1677 τᾷ
553 1596 732 1675 XM,
796 1587 838 1657 ἁ
901 1589 976 1658 δὲ
1031 1596 1077 1657 Ι
1089 1596 1150 1656 Τ
1197 1593 1280 1676 τᾷ
1345 1595 1491 1656 ΤΝ.
1584 1584 1757 1656 ἀλλὰ
1818 1587 1931 1654 καὶ
1989 1585 2294 1679 τριγώνῳ
2356 1592 2460 1680 τῷ

343 1709 378 1760 5
414 1701 558 1763 ΑΚ
564 1702 621 1762 Β
669 1704 823 1763 ἴσον
869 1695 1008 1763 ἐστὶ
1048 1693 1126 1772 τὸ
1165 1701 1383 1780 ΒΛΓ,
1429 1697 1653 1781 τμᾶμα
1692 1693 1768 1763 δὲ
1802 1693 1878 1761 τὸ
1919 1701 2126 1761 ΑΚΒ
2162 1692 2473 1780 τμάματι.

411 1805 504 1894 τῷ
551 1809 766 1870 ΒΛΓ.
858 1805 1186 1870 δεδείκται
1233 1799 1363 1889 γὰρ
1412 1803 1485 1868 ἐν
1532 1799 1785 1886 ἄλλοις,
1831 1799 1913 1867 τὰ
1960 1799 2265 1887 τμάματα
2312 1803 2455 1868 ἐπί-

410 1930 598 1995 τριτα
659 1905 841 1993 εἶμεν
901 1911 1037 1974 τῶν
1096 1906 1493 1997 τριγώνων].
1574 1909 1861 1975 ἐσσείται
1908 1904 1993 1992 δὴ
2038 1909 2162 1974 τοῦ
2209 1905 2334 1992 μὲν
2382 1909 2465 1987 ἐξ.

411 2009 812 2102 ἀμφοτέρων
866 2018 1003 2082 τῶν
1050 2020 1288 2099 ΑΚΒ,
1336 2019 1542 2081 ΒΛΓ
1586 2011 1949 2099 τμαμάτων
2006 2013 2469 2098 συγκειμένου

409 2120 729 2205 μεγέθεος
791 2118 1071 2207 κέντρον
1134 2122 1258 2187 τοῦ
1313 2117 1557 2207 βάρεος
1610 2116 1688 2186 τὸ
1745 2125 1837 2203 Χ,
1897 2122 2019 2186 τοῦ
2077 2118 2153 2186 δὲ
2207 2121 2274 2199 ἐξ
2329 2117 2455 2206 ἆμ-

305 2241 373 2290 10
411 2225 718 2313 φοτέρων
781 2228 918 2293 τών
973 2231 1213 2312 ΑΚΒ,
1270 2231 1327 2292 Β
1341 2231 1477 2292 ΛΓ
1530 2223 1880 2313 τριγώνων
1938 2225 2019 2302 τὸ,
2080 2232 2148 2293 Τ.
2240 2225 2465 2293 πάλιν·

411 2321 536 2398 οὖν
584 2329 724 2398 ἐπεὶ
768 2336 892 2400 τοῦ
921 2338 1126 2400 ΑΒΓ
1163 2331 1500 2420 τριγώνου
1545 2333 1827 2420 κέντρον
1864 2337 1987 2400 τοῦ
2024 2331 2268 2419 βάρεός
2306 2335 2463 2400 ἐστι.

406 2435 482 2504 τὸ
530 2444 621 2522 Ε,
675 2441 798 2505 τοῦ
855 2436 931 2506 δὲ
987 2439 1053 2518 ἐξ
1098 2434 1499 2525 ἀμφοτέρων
1554 2442 1691 2505 τών
1747 2443 1986 2522 ΑΚΒ,
2034 2444 2241 2505 ΒΛΓ
2284 2462 2451 2526 τμα-

407 2542 636 2630 μάτων
673 2541 748 2611 τὸ
779 2550 861 2629 Χ,
900 2547 1133 2629 δῆλον,
1173 2541 1263 2623 ὥς
1300 2548 1480 2628 [τοῦ]
1522 2542 1687 2612 ὅλου
1722 2548 1843 2612 τοῦ
1874 2551 2080 2612 ΑΒΓ
2106 2544 2451 2632 τμάματος

404 2647 480 2718 τὸ
536 2639 819 2738 κέντρον
872 2654 995 2717 τοῦ
1049 2649 1294 2739 βάρεός
1342 2652 1521 2717 ἐστιν
1578 2651 1681 2718 ἐπὶ
1738 2655 1857 2730 τᾶς
1902 2658 1970 2718 Χ
1972 2658 2035 2717 Ε
2075 2656 2461 2738 τμαθείσας

302 2773 369 2821 15
407 2754 653 2843 οὕτως,
711 2753 908 2843 ὥστε,
967 2752 1049 2825 ὃν
1105 2761 1236 2844 ἔχει
1285 2755 1493 2842 λόγον
1538 2753 1615 2824 τὸ
1661 2763 1869 2844 ΑΒΓ
1906 2764 2241 2845 τρίγωνον
2288 2758 2457 2826 ποτὶ.

404 2862 484 2930 τὰ
532 2863 1007 2952 συναμφότερα
1052 2862 1133 2930 τὰ
1171 2869 1403 2949 Α-ΚΒ,
1451 2869 1508 2929 Β
1521 2870 1583 2929 Λ
1595 2867 1659 2930 Γ
1693 2861 2020 2950 τμάματα,
2066 2865 2189 2932 τὸν
2229 2862 2444 2932 αὐτὸν

403 2968 612 3055 λόγον
660 2974 836 3056 ἔχειν
882 2967 957 3037 τὸ
1003 2972 1226 3056 τμᾶμα
1275 2965 1482 3048 αὐτᾶς
1524 2966 1601 3036 τὸ
1640 2970 1843 3057 πέρας
1880 2974 2036 3056 ἔχον
2072 2968 2148 3038 τὸ
2189 2977 2256 3037 Χ
2284 2970 2453 3038 ποτὶ-

400 3072 478 3142 τὸ
525 3079 812 3142 ἔλασσον
858 3079 1098 3162 τμᾶμα.
1162 3079 1287 3143 τοῦ
1326 3074 1402 3143 δὲ
1438 3084 1503 3142 Α
1513 3082 1582 3143 Κ
1587 3082 1644 3143 Β
1657 3083 1794 3144 ΛΓ
1821 3075 2257 3162 πενταγώνου
2292 3078 2445 3144 κέν-

401 3206 564 3271 τρον
609 3185 733 3250 τοῦ
781 3181 1024 3271 βάρεός
1072 3185 1252 3251 ἐστιν
1300 3182 1407 3251 ἐπὶ
1443 3188 1560 3263 τᾶς
1598 3190 1735 3251 ΕΤ
1762 3181 2037 3262 εὐθείας
2071 3188 2451 3269 τμαθείσας

294 3303 366 3352 20
403 3286 648 3374 οὕτως,
705 3286 903 3375 ὥστε,
962 3285 1044 3357 ὃν
1100 3293 1230 3376 ἔχει
1285 3289 1495 3376 λόγον
1540 3289 1616 3359 τὸ
1664 3297 1871 3358 ΑΒΓ
1906 3295 2241 3378 τρίγωνον
2285 3289 2441 3356 ποτὶ

403 3391 482 3461 τὰ
531 3401 672 3462 ΑΚ
680 3400 737 3460 Β
749 3445 768 3479 ,
815 3401 872 3461 Β
886 3397 1022 3461 ΛΓ
1058 3400 1381 3482 τρίγωνα,
1428 3399 1671 3463 τοῦτον
1718 3401 1892 3483 ἔχειν
1938 3393 2059 3462 τὸν
2104 3394 2312 3480 λόγον
2359 3391 2435 3461 τὸ

519 3559 596 3607 -3,
635 3553 732 3607 καὶ
766 3549 1096 3624 ἐπεζεύχθω
1128 3555 1201 3608 ad
1221 3554 1331 3608 τῶν
1351 3526 1635 3623 τριγώνων
1654 3555 1750 3610 lin.
1776 3561 1805 3610 7
1829 3570 1937 3610 om.
1957 3552 2296 3610 FVABCD
2319 3551 2438 3620 Cr.;
