2659 3967
413 210 546 277 324
865 208 1479 263 ΤΕΤΡΑΡΩΜΣΜΟΣ
1518 208 1984 282 ΠΑΡΑΒΟΛῌΣ.

417 352 552 441 ἄρα
614 353 794 420 ἐστὶν
849 350 924 420 τὸ
985 358 1124 419 ΚΕ
1175 354 1427 439 χωρίον
1480 353 1605 419 τοῦ
1662 356 1721 416 Ρ
1769 354 2038 439 χωρίου.
2134 352 2478 417 δεδείκται

416 460 546 549 γὰρ
603 463 820 528 τοῦτο.
928 457 1133 527 πάλιν
1190 457 1265 525 δὲ
1317 456 1430 523 καὶ
1484 455 1559 525 τὸ
1613 462 1747 523 ΖΣ
1786 440 2135 545 τραπέζιον
2179 454 2303 535 τὰς
2350 456 2479 545 μὲν

420 568 574 635 ποτὶ
619 579 760 646 τοῖς
819 572 904 651 Ζ,
955 572 1017 631 Ε
1057 569 1306 650 γωνίας
1352 560 1568 651 ὀρθὰς
1614 567 1801 651 ἔχον,
1846 561 1973 631 τὰν
2023 562 2099 630 δὲ
2144 568 2299 648 ΣΤ,
2325 562 2481 630 νεύ-

426 694 641 743 ουσαν
699 672 802 740 ἐπὶ
857 668 933 739 τὸ
982 677 1059 755 Γ,
1108 675 1460 761 ἰσορροπεῖ
1514 670 1589 739 δὲ
1636 668 1818 763 αὐτῷ
1867 674 2119 757 χωρίον
2163 668 2239 737 τὸ
2289 676 2358 735 Χ
2400 671 2473 737 ἐκ

357 796 390 847 5
425 785 551 850 τοῦ
609 782 810 866 ζυγοῦ
885 776 1306 866 κρεμάμενον
1360 776 1526 845 κατὰ
1584 775 1658 845 τὸ
1709 785 1803 863 Α,
1868 774 2081 856 οὕτως
2129 779 2350 863 ἔχοντι
2396 778 2492 868 τῷ

429 890 774 1016 τραπεζίῳ,
822 882 910 966 ὥς
949 889 1082 953 νῦν
1119 890 1352 971 κείται,
1395 890 1515 951 καί
1546 885 1750 970 ἐστιν,
1803 911 1893 963 ως
1930 882 2053 970 μὲν
2096 879 2138 949 ἆ
2169 888 2307 949 BA
2342 881 2501 949 ποτὶ

431 992 563 1062 τάν
604 999 750 1077 ΒΕ,
799 1018 1028 1072 ουτως
1070 990 1146 1059 τὸ
1189 997 1323 1058 ΖΣ
1362 972 1711 1078 τραπέζιον
1759 991 1912 1058 ποτὶ
1957 988 2032 1057 τὸ
2077 995 2233 1075 ΖΦ,
2280 1016 2371 1069 ως
2420 987 2498 1057 δὲ

435 1096 478 1165 ἁ
535 1105 667 1165 ΑΒ
715 1098 867 1165 ποτὶ
915 1096 1045 1165 τὰν
1084 1104 1229 1183 ΒΖ,
1277 1094 1491 1177 οὕτως
1534 1095 1608 1164 τὸ
1633 1103 1779 1163 ΖΣ
1817 1095 2167 1183 τραπέζιον
2212 1096 2364 1162 ποτὶ
2411 1094 2488 1163 τὸ

440 1210 588 1272 ΛΖ.
665 1212 766 1291 εἴη
817 1196 947 1271 οὖν
996 1230 1082 1270 κα
1126 1200 1202 1271 τὸ
1240 1210 1309 1269 Χ
1346 1208 1597 1292 χωρίον
1640 1206 1764 1272 τοῦ
1812 1201 1934 1289 μὲν
1964 1210 2094 1270 ΛΖ
2140 1206 2495 1289 τραπεζίου

337 1328 404 1377 10
443 1315 752 1396 ἔλασσον,
799 1314 922 1379 τοῦ
970 1308 1046 1379 δὲ
1085 1316 1223 1385 ΖΦ
1267 1315 1509 1396 μεῖζον.
1577 1313 1909 1377 &adalman
1955 1306 2083 1398 γὰρ
2120 1308 2232 1376 καὶ
2268 1312 2492 1375 τοῦτο.

444 1414 558 1484 διὰ
607 1413 686 1483 τὰ
736 1414 907 1484 αὐτὰ
961 1413 1044 1502 δὴ
1093 1415 1204 1483 καὶ
1249 1414 1324 1483 τὸ
1382 1422 1459 1482 Ψ
1498 1420 1749 1504 χωρίον
1795 1418 1916 1482 τοῦ
1964 1412 2086 1501 μὲν
2136 1420 2297 1481 ΜΗ
2339 1438 2494 1501 τρα-

443 1527 672 1604 πεζίου
718 1527 1030 1609 ἔλασσον,
1077 1526 1198 1590 τοῦ
1247 1522 1323 1589 δὲ
1370 1529 1515 1589 ΘΗ
1552 1527 1800 1608 μεῖζον,
1845 1520 1959 1588 καὶ
2006 1517 2081 1587 τὸ
2130 1525 2197 1585 ,Ωι
2241 1525 2495 1608 χωρίον

445 1633 573 1697 τοῦ
621 1629 745 1716 μὲν
776 1636 852 1697 Ν
859 1635 968 1696 ΟΙ
974 1635 1053 1695 Η
1080 1632 1431 1717 τραπεζίου
1468 1632 1783 1712 ἔλασσον,
1828 1630 1950 1695 τοῦ
1992 1625 2066 1693 δὲ
2096 1632 2218 1693 ΠΙ
2250 1630 2495 1712 μεῖζον.

450 1733 700 1822 ὁμοίως
755 1735 832 1803 δὲ
886 1734 998 1801 καὶ
1051 1730 1126 1800 τὸ
1180 1746 1246 1839 4
1290 1738 1541 1822 χωρίον
1596 1738 1720 1802 τοῦ
1769 1732 1891 1820 μὲν
1938 1734 2048 1810 ΞΙ
2052 1737 2117 1799 Γ
2158 1728 2497 1819 τριγώνου

343 1875 410 1925 15
449 1858 775 1943 ἔλασσον,
830 1862 952 1927 τοῦ
1015 1857 1090 1925 δὲ
1136 1862 1248 1924 ΓΙ
1261 1862 1318 1923 Ο
1363 1864 1607 1944 μεῖζον.
1700 1856 1840 1925 ἐπεὶ
1890 1846 2017 1923 οὖν
2062 1852 2138 1922 τὸ
2187 1854 2309 1941 μὲν
2356 1860 2501 1922 ΚΕ

451 1966 802 2056 τραπέζιον
849 1963 1075 2051 μεῖζόν
1125 1967 1263 2031 ἐστι
1308 1968 1431 2031 τοῦ
1462 1970 1521 2030 Ρ
1548 1967 1825 2051 χωρίου,
1869 1958 1947 2028 τὸ
1981 1960 2055 2028 δὲ
2092 1966 2225 2027 ΛΖ
2259 1964 2383 2027 τοῦ
2410 1968 2496 2047 Χ,

447 2070 526 2141 τὸ
578 2072 653 2139 δὲ
691 2077 860 2139 MH
893 2074 1015 2137 τοῦ
1063 2077 1156 2156 Ψ,
1204 2067 1280 2139 τὸ
1329 2067 1406 2138 δὲ
1442 2075 1566 2136 NI
1604 2072 1729 2135 τοῦ
1766 2073 1853 2153 Ω,
1901 2063 1977 2134 τὸ
2034 2063 2110 2133 δὲ
2146 2068 2323 2141 ΞΙΓ
2358 2071 2499 2155 τρί-

447 2203 676 2264 γωνον
733 2181 853 2245 τοῦ
907 2186 999 2280 4,
1055 2174 1389 2265 φανερόν,
1446 2173 1550 2243 ὅτι
1603 2174 1715 2241 καὶ
1772 2172 1990 2241 πάντα
2042 2169 2123 2238 τὰ
2179 2172 2498 2261 εἰρημένα

451 2306 664 2388 χωρία
723 2300 994 2386 μείζονά
1054 2300 1190 2367 ἐστι
1247 2303 1370 2366 τοῦ
1417 2306 1547 2366 ΡΧ
1556 2304 1782 2403 arsag!
1828 2302 2095 2385 χωρίου.
2192 2299 2375 2363 ἔστιν
2422 2296 2499 2363 δὲ

343 2442 415 2493 20
451 2421 527 2491 τὸ
567 2430 699 2490 ΡΧ
717 2429 945 2529 ΨΩξΙ
980 2429 1210 2512 τρίτον
1247 2424 1447 2509 μέρος
1480 2425 1603 2490 τοῦ
1641 2428 1836 2490 ΒΓΔ
1869 2418 2221 2510 τριγώνου.
2287 2423 2499 2505 δῆλον

452 2546 615 2637 ἄρα,
672 2545 774 2615 ὅτι
821 2544 897 2615 τὸ
949 2552 1148 2615 ΒΓΔ
1191 2551 1526 2635 τρίγωνον
1573 2544 1861 2613 ἔλασσόν
1909 2546 2090 2612 ἐστιν
2136 2540 2178 2629 ἢ
2225 2543 2499 2633 τριπλά-

453 2674 606 2723 σιον
652 2657 787 2722 των
835 2660 998 2739 ΚΕ,
1037 2661 1190 2740 ΛΖ,
1227 2659 1406 2739 ΜΗ,
1445 2659 1569 2720 NI
1608 2656 1973 2738 τραπεζίων
2019 2652 2132 2717 καὶ
2167 2655 2289 2719 τοῦ
2327 2652 2438 2727 ΞΙ
2444 2656 2509 2718 Γ

451 2761 808 2848 τριγώνου.
904 2758 1110 2827 πάλιν
1159 2759 1297 2826 ἐπεὶ
1343 2758 1419 2825 τὸ
1469 2756 1591 2844 μὲν
1639 2764 1773 2824 ΖΦ
1816 2756 2164 2843 τραπέζιον
2211 2754 2501 2823 ἔλασσόν

457 2870 593 2936 ἐστι
640 2870 762 2935 τοῦ
815 2874 883 2933 Χ
924 2871 1198 2953 χωρίου,
1243 2862 1319 2933 τὸ
1369 2862 1445 2932 δὲ
1490 2870 1635 2931 ΘΗ·
1669 2867 1793 2931 τοῦ
1843 2870 1935 2949 Ψ,
1980 2859 2056 2930 τὸ
2108 2861 2182 2929 δὲ
2218 2869 2265 2930 I
2271 2870 2347 2929 Π
2373 2866 2501 2930 τοῦ

353 2991 422 3041 25
460 2980 555 3059 Ω,
611 2971 686 3040 τὸ
746 2971 820 3040 δὲ
876 2979 923 3040 I
933 2978 1065 3039 ΟΓ
1107 2976 1441 3058 τρίγωνον
1496 2976 1619 3040 τοῦ
1678 2978 1774 3075 A,
1840 2970 2172 3059 φανερόν,
2230 2966 2333 3037 ὅτι
2388 2968 2505 3036 καὶ
2649 3056 2650 3065 ¹

459 3094 679 3163 πάντα
716 3092 796 3161 τὰ
836 3096 1159 3181 εἰρημένα
1198 3094 1528 3162 ἐλάσσονά
1568 3097 1706 3163 ἐστι
1742 3099 1865 3163 τοῦ
1897 3101 2039 3199 ,ἔΙΩ
2062 3102 2212 3161 ΨΧ
2231 3099 2503 3181 χωρίου.
2648 3116 2650 3205 1

465 3217 768 3308 φανερὸν
808 3210 957 3305 οὖν,
999 3216 1105 3286 ὅτι
1142 3219 1255 3285 καὶ
1290 3216 1365 3285 τὸ
1399 3210 1960 3307 ΒΔΓτρίγωνον
1990 3216 2215 3304 μεῖζόν
2247 3219 2428 3285 ἐστιν
2458 3213 2502 3303 ἢ

614 3394 664 3441 3.
705 3405 848 3455 εχων
884 3384 953 3454 F;
994 3402 1132 3441 corr.
1173 3384 1236 3440 B.
1355 3392 1405 3441 9.
1445 3376 1573 3473 ουν]
1614 3386 1835 3456 scripsi3
1875 3406 1948 3441 αν
1984 3380 2505 3457 F,i1ulgo.uoe]

469 3458 694 3528 scripsi3
735 3476 834 3510 και
869 3457 930 3526 F,
968 3457 1158 3526 uulgo.
1317 3463 1400 3511 14.
1438 3453 1645 3527 ὁμοίως
1682 3458 1772 3541 δέ]
1816 3457 2037 3529 scripsi3
2088 3475 2298 3525 ομοιως
2333 3456 2409 3525 δη
2444 3456 2509 3522 F,

468 3530 658 3599 uulgo.
786 3527 870 3617 Δ]
913 3527 1136 3597 scripsi,
1175 3533 1226 3580 Δ
1262 3527 1322 3594 F,
1362 3529 1550 3598 uulgo,
1588 3529 1653 3583 ut
1688 3528 1785 3588 lin.
1832 3534 1915 3596 18,
1957 3535 2041 3599 19,
2080 3533 2165 3597 20,
2204 3531 2291 3582 25.
2419 3532 2510 3581 20.
