2659 3967
988 190 1003 205 ·
1023 174 1500 234 FRAGMENTA.
2143 177 2278 243 465

250 321 399 401 ξίαν
450 319 741 409 ἐχόντων
792 316 1358 408 ὑπερβαλλόντας,
1379 310 1490 413 τῷὁ
1517 320 1761 407 πλήθει
1807 321 1930 390 τὸν
1976 320 2278 410 ἀριθμὸν

247 432 370 495 τοῦ
425 428 719 515 ψάμμου.
812 431 923 495 cfr.
978 431 1035 515 Ι,
1082 432 1123 495 3
1179 453 1239 514 p.
1286 418 1447 495 242:
1509 432 1646 495 τῶν
1700 426 1820 516 ὑφῗ
1881 426 2074 515 ἁμῶν
2128 454 2278 496 κατ-

253 534 747 621 ωνομασμένων
784 531 1101 622 άριθμῶν
1138 533 1249 600 καὶ
1279 535 1740 621 ἐνδεδομένων
1781 537 1862 602 ἐν
1899 548 2066 616 τοῖς
2099 534 2278 602 ποτὶ

253 642 698 722 Ζεύξιππον
771 642 1369 729 γεγραμμένοις.
1472 666 1791 709 summam
1866 645 2056 710 huius
2126 646 2279 710 libri

249 751 563 815 habemus
618 755 843 834 Ψαμμ.
892 748 1017 834 ΙΠ,
1068 750 1257 813 1--4
1302 772 1364 833 p.
1410 750 1540 814 266
1581 772 1674 834 sq.
1732 749 1886 835 (III,
1937 751 1970 815 1
2021 774 2083 836 p.
2132 750 2281 836 266,

254 857 364 922 12:
408 858 499 947 τῷ
548 859 785 945 βιβλίῳ
829 856 921 945 τῷ
968 853 1119 921 ποτὶ
1167 851 1546 933 Ζεύξιππον
1590 855 2075 946 γεγραμμένῳ).

348 1136 357 1143 ·
1064 1084 1460 1174 Ἐφόδιον.

384 1211 612 1279 Suidas
661 1236 711 1280 s.
756 1238 817 1280 u.
864 1210 1228 1292 Θεοδόσιος
1274 1237 1336 1298 Ρ.
1372 1214 1524 1297 495,
1565 1216 1598 1280 1
1649 1215 1745 1279 ed.
1792 1212 2072 1281 Bekker:
2119 1216 2340 1281 Θεο-8

250 1315 481 1397 δόσιος
526 1318 905 1406 φιλόσοφος
950 1324 1198 1408 ἔγραψε
1236 1372 1251 1386 .
1292 1371 1306 1387 .
1343 1316 1708 1405 ὑπόμνημα
1755 1323 1866 1400 εἰς
1909 1318 1994 1388 τὸ
2038 1318 2276 1409 Ἀρχι-

250 1422 549 1510 μήδους
587 1422 989 1512 Ἐφόδιον.
1974 1476 1979 1480 -

1002 1638 1201 1728 Περὶ
1250 1642 1516 1724 ζυγῶν.-

381 1765 643 1849 Pappus
690 1762 882 1849 VIII,
928 1767 1015 1830 24
1061 1789 1122 1851 p.
1175 1767 1374 1831 1068:
1431 1760 1799 1851 ἀπεδείχθη
1857 1762 1987 1853 γὰρ
2046 1764 2129 1831 ἐν
2173 1766 2337 1856 τῷ9

248 1868 424 1957 περὶ
500 1872 751 1954 ζυγῶν
810 1868 1327 1959 Ἀρχιμήδους
1397 1870 1510 1937 καὶ
1583 1884 1723 1950 τοῖς
1794 1878 2100 1950 Φίλωνος
2161 1870 2275 1937 καὶ

230 1972 537 2065 ’Ἠρωνος
590 1989 1010 2061 μηχανικοῖς,
1068 1974 1171 2043 ὅτι
1221 1978 1291 2044 οἱ
1332 1981 1627 2063 μείζονες
1670 1976 1903 2045 κύκλοι
1949 2002 2276 2062 κατακρα-

247 2082 482 2151 τοῦσιν
541 2086 676 2151 τῶν
737 2082 1125 2151 ἐλασσόνων
1178 2085 1478 2170 κύκλων,
1541 2082 1707 2151 ὅταν
1762 2084 1912 2167 περὶ
1970 2080 2046 2149 τὸ
2108 2078 2274 2149 αὐτὸ

246 2190 526 2278 κέντρον
570 2187 612 2275 ἡ
668 2190 929 2271 κύλισις
974 2187 1201 2258 αὐτῶν
1246 2196 1532 2277 γίνηται.

379 2318 641 2403 Pappus
672 2318 851 2403 VIII,
888 2318 966 2382 19
1005 2341 1064 2402 p.
1100 2320 1297 2384 1060:
1346 2321 1464 2403 τῆς
1511 2314 1716 2405 αὐτῆς
1762 2318 1842 2385 δέ
1884 2318 2067 2385 ἐστιν
2102 2325 2279 2385 -θεω-
2303 2320 2385 2385 10

248 2426 395 2510 ρίας
456 2422 542 2491 τὸ
612 2421 858 2490 δοθὲν
923 2421 1169 2509 βάρος
1222 2427 1309 2512 τῇ
1369 2427 1705 2511 δοθείσῃ
1762 2421 2101 2510 δυνάμει
2162 2449 2276 2490 κι-

247 2532 509 2614 νῆσαι·
600 2532 800 2596 τοῦτο
856 2523 985 2615 γὰρ
1033 2528 1472 2616 Ἀρχιμήδους
1526 2526 1649 2614 μὲν
1705 2525 1964 2617 εὕρημα
2019 2530 2271 2615 λέγεται

249 2634 649 2723 μηχανικόν,
706 2630 813 2721 ἐφ’
867 2624 921 2725 ᾧ
969 2635 1224 2719 λέγεται
1269 2634 1631 2722 εἰρηκέναι·
1723 2633 1844 2713 δός
1888 2639 2033 2721 μοί,
2088 2655 2277 2731 φησι,

247 2746 381 2809 ποῦ
427 2746 583 2835 στῷ,
628 2742 739 2809 καὶ
786 2744 950 2809 κινῶ
996 2738 1121 2828 τὴν
1166 2744 1313 2827 γῆν.
1389 2742 1502 2808 cfr.
1551 2731 1810 2821 Qu‘aest.
1863 2744 2051 2809 Arch.
2088 2766 2150 2828 p.
2195 2745 2277 2809 10

246 2855 383 2917 not.
432 2852 493 2918 6.

382 2975 799 3043 Archimedes
848 2975 1017 3042 ἐπιπ.
1066 2978 1277 3062 ίσορρ.
1307 2975 1358 3060 Ι,
1388 2975 1431 3040 4
1469 2998 1530 3060 p.
1567 2975 1718 3041 148:
1768 2970 1871 3040 ὅτι
1918 2971 2046 3062 γάρ
2095 2974 2276 3041 ἐστιν
2301 2978 2380 3043 11

250 3081 355 3148 ἐπὶ
400 3083 517 3160 τᾶς
558 3088 711 3164 ΑΒ,
757 3085 1241 3168 προδεδείκται.
1300 3082 1414 3147 efr.
1461 3082 1511 3167 I,
1561 3084 1640 3147 13
1689 3106 1750 3166 p.
1795 3083 1938 3165 182,
1976 3084 2046 3165 33
2092 3083 2187 3167 ΙΙ,
2232 3084 2275 3148 2

248 3211 310 3273 p.
363 3190 507 3272 194,
553 3190 623 3273 63
670 3189 755 3271 II,
785 3189 845 3263 ‚5
889 3211 950 3273 p.
997 3190 1144 3272 204,
1196 3190 1295 3254 10.

383 3312 807 3377 Archimedes
834 3332 1087 3398 τετραγ.
1116 3316 1358 3397 παραβ.
1380 3314 1421 3391 6
1441 3338 1503 3400 p.
1523 3314 1673 3399 306,
1693 3314 1806 3379 23:
1836 3311 2117 3379 ἕκαστον
2143 3308 2272 3401 γὰρ
2298 3315 2380 3380 12

248 3421 385 3486 τῶν
430 3416 885 3511 κρεμαμένων,
933 3415 1000 3496 ἐξ
1046 3406 1129 3484 οὗ
1178 3421 1456 3503 σαμείου
1491 3442 1576 3484 κα
1610 3421 2021 3506 κατασταθῇ,
2069 3419 2273 3505 μένει,

251 3520 418 3592 ὥστε
453 3521 619 3591 κατὰ
654 3521 948 3591 κάθετον
986 3520 1169 3612 εἶμεν
1204 3522 1281 3591 τό
1317 3550 1388 3591 τε
1427 3536 1703 3611 σαμεῖον
1739 3528 1864 3592 τοῦ
1899 3528 2274 3611 κρεμαστοῦ

358 3640 678 3693 Archimedes,
706 3641 776 3683 ed.
804 3640 1022 3691 Heiborg.
1068 3642 1132 3681 11.
1885 3638 1954 3692 30
