2659 3967
450 186 588 253 384
769 186 865 242 DE
903 186 1013 255 IIS,
1052 185 1248 254 QUAE
1286 184 1368 241 IN
1403 182 1694 242 HUMIDO
1736 182 2159 241 UEHUNTUR.

446 335 671 398 autem
718 353 882 416 quae
922 332 1001 397 K
1004 336 1071 397 Ω,
1117 332 1501 418 contingens
1549 332 1903 399 sectionem
1945 329 2216 397 APOL
2262 350 2485 396 secun-

446 438 604 504 dum
643 437 707 504 P
746 437 1181 522 aequidistans
1220 438 1350 523 ipsi
1385 439 1438 504 Ι
1437 438 1503 524 S,
1554 442 1620 504 et
1655 460 1772 523 per
1807 437 1873 503 P
1915 437 2045 522 ipsi
2082 433 2216 503 No
2255 459 2492 523 aeque·

449 544 703 611 distans
751 566 915 630 quae
941 543 1089 629 PF,
1137 549 1204 610 et
1250 546 1652 632 accipiantur
1687 549 1911 612 centra.
1956 545 2380 630 grauitatum‚
2425 550 2494 609 et

1574 653 1664 718 sit
1699 651 1907 736 ipsius
1938 648 2197 735 quidem
2215 649 2492 717 APOL

1574 761 1866 825 centrum
1910 756 2002 842 R,
2051 757 2187 823 eius
2245 760 2489 842 autem,

1573 863 1748 950 quod
1785 867 1970 929 extra
1999 863 2363 949 humidum,
2403 864 2493 948 B,

1573 976 1639 1038 et
1711 970 2017 1055 copulata
2104 992 2270 1055 quae
2345 970 2494 1036 BR

1573 1077 1882 1143 educatur
1925 1076 2008 1141 ad
2053 1075 2131 1161 G,
2177 1081 2246 1142 et
2299 1078 2388 1143 sit
2429 1077 2496 1144 G

1573 1188 1868 1250 centrum
1949 1183 2299 1269 grauitatis
2386 1206 2496 1250 so-

1570 1290 1686 1355 lidi
1732 1289 2055 1375 assumpti
2100 1290 2174 1354 in
2212 1288 2489 1356 humido

1573 1396 1771 1478 [ἐπιπ.
1801 1397 2014 1481 ἰσορρ.
2042 1394 2093 1479 I,
2122 1398 2212 1477 8].
2269 1401 2336 1462 et
2377 1420 2484 1462 ac·

1571 1503 1851 1587 cipiatur
1865 1521 2030 1587 quae
2039 1500 2187 1567 RH
2187 1502 2488 1587 aequalis

1571 1610 1650 1693 ei,
1696 1630 1861 1693 quae
1908 1630 2110 1694 usque
2159 1606 2242 1671 ad
2278 1628 2489 1693 axem,

451 1738 617 1800 quae
664 1720 879 1783 autem
929 1716 1076 1783 OH
1108 1716 1309 1801 dupla
1356 1716 1563 1802 ipsius
1610 1716 1788 1800 HM,
1841 1718 1909 1779 et
1953 1714 2082 1779 alia
2126 1714 2288 1779 fiant
2333 1736 2488 1781 con·

344 1834 411 1884 15
451 1823 755 1889 similiter
808 1824 1125 1909 superiori
1182 1825 1394 1909 [prop.
1438 1825 1484 1888 4
1527 1847 1589 1909 p.
1627 1824 1777 1907 381,
1828 1822 1920 1904 4].
2003 1820 2309 1905 quoniam
2361 1821 2488 1905 igi-

449 1932 559 1994 tur
616 1930 1005 2015 supponitur
1057 1931 1279 2015 portio
1339 1930 1421 1995 ad
1474 1928 1812 1997 humidum
1865 1929 1936 1994 in
1981 1926 2305 2015 grauitate
2347 1948 2488 1993 non

450 2036 763 2103 maiorem
807 2036 1304 2122 proportionem
1349 2035 1599 2101 habens
1643 2034 2080 2121 proportione,
2125 2054 2320 2117 quam
2366 2033 2488 2099 ha·

449 2141 563 2207 bet
609 2164 927 2227 excessus,
973 2164 1102 2228 quo
1148 2142 1358 2207 maius
1405 2145 1504 2207 est
1547 2144 1962 2227 tetragonum
2009 2139 2180 2224 quod
2227 2140 2309 2205 ab
2348 2138 2488 2207 No

449 2249 799 2334 tetragono
824 2248 1003 2333 quod
1030 2248 1113 2314 ab
1133 2249 1225 2314 M
1228 2247 1298 2333 Ο,
1328 2248 1413 2313 ad
1438 2252 1855 2335 tetragonum
1886 2247 2058 2332 quod
2085 2248 2168 2313 ab
2190 2247 2262 2312 Ν
2268 2245 2338 2325 0,
2367 2248 2486 2312 sed

334 2366 411 2417 2ο
452 2373 647 2437 quam
683 2344 1174 2439 proportionem
1209 2354 1412 2422 habet
1447 2355 1517 2420 in
1551 2354 1880 2441 grauitate
1914 2353 2132 2439 portio
2162 2354 2245 2419 ad
2270 2352 2484 2419 humi-

448 2460 603 2524 dum
640 2459 932 2544 aequalis
968 2460 1179 2546 moliS,
1213 2461 1381 2527 hanc
1423 2461 1914 2546 proportionem
1949 2460 2150 2526 habet
2186 2461 2485 2525 demersa.

444 2566 652 2651 ipsius
691 2566 907 2651 portio
938 2566 1018 2633 ad
1045 2570 1260 2633 totum
1292 2567 1570 2634 solidum
1602 2566 2144 2653 (demonstratum
2173 2571 2274 2631 est
2305 2567 2484 2633 enim

445 2671 569 2738 hoc
613 2672 685 2738 in
729 2674 941 2759 primo
988 2670 1438 2759 theoremate),
1487 2695 1619 2739 non
1667 2672 1979 2740 maiorem
2015 2693 2170 2759 ergo
2208 2694 2482 2758 propor-

445 2778 696 2846 tionem
750 2781 949 2846 habet
996 2779 1293 2845 demersa
1343 2778 1727 2863 magnitudo
1773 2779 2093 2865 portionis
2141 2777 2225 2843 ad
2267 2780 2482 2844 totam

328 2898 407 2948 25
444 2886 831 2972 portionem,
878 2909 1072 2971 quam
1120 2886 1208 2951 sit
1256 2885 1430 2951 dicta
1473 2886 1834 2970 proportio.
1926 2908 2122 2971 quare
2166 2906 2298 2951 non
2343 2907 2480 2951 ma-

445 2993 649 3058 iorem
704 2994 1195 3079 proportionem
1249 2991 1449 3057 habet
1504 2995 1648 3058 tota
1691 2993 1909 3079 portio
1957 2993 2035 3057 ad
2082 3014 2254 3076 eam,
2311 3014 2480 3077 quae

445 3102 630 3163 extra
686 3098 1051 3183 humidum,
1106 3100 1503 3183 portionem,
1560 3120 1757 3183 quam
1813 3098 2012 3164 habet
2057 3102 2478 3185 tetragonum

589 3335 638 3383 2.
679 3328 1090 3397 ‚grauitatem“
1138 3327 1420 3385 'Partalea
1603 3333 1688 3383 12.
1734 3326 1897 3399 RH]
1955 3328 2136 3394 ,‚rm“
2182 3327 2479 3394 Tartalea;

446 3399 543 3454 cfr.
584 3400 657 3453 ad
692 3418 745 3469 p.
785 3406 908 3465 382,
949 3406 1029 3455 11.
1153 3405 1235 3453 13.
1276 3398 1465 3470 axem]
1509 3400 1683 3466 ,‚axe“
1721 3399 1924 3453 lacuna
1959 3398 2160 3453 relicta.
2193 3396 2480 3454 Tartalea.

448 3476 530 3523 19.
571 3470 668 3540 ad]
708 3487 816 3525 om.
855 3471 1144 3525 Tartalea.
1285 3474 1373 3523 25.
1410 3469 1722 3541 proportio]
1763 3469 2020 3541 ‚‚portio“
2060 3467 2339 3526 Tartalea.

440 3544 536 3593 27.
574 3541 915 3613 portionem]
956 3539 1449 3612 „proportionem“
1490 3541 1769 3598 Tartalea..
