2659 3967
665 207 762 260 DE
798 207 1209 262 PLANORUM
1245 207 1738 272 AEQUILIBRIIS
1779 208 1844 262 II.
2135 205 2263 270 209

229 373 389 436 pars
445 352 656 416 lineae
712 355 866 435 ET,
923 352 1105 417 cuius
1161 352 1478 416 terminus
1536 353 1625 417 sit
1685 355 1762 434 T,
1820 352 1900 416 ad
1956 351 2268 435 reliquam

236 455 317 539 [I‚
367 455 513 542 8].¹)
603 459 735 522 iam
791 459 1097 541 quoniam
1152 459 1518 542 triangulus
1564 461 1769 523 ΑΒΓ
1807 458 2126 522 maiorem
2169 479 2269 522 ra—

231 563 487 628 tionem
522 563 724 628 habet
762 564 842 628 ad
879 564 1247 649 triangulos
1276 567 1347 627 K
1353 569 1418 627 A
1428 567 1505 648 Β,
1541 566 1745 628 ΑΒΓ
1773 585 1968 647 quam
2005 564 2087 628 ad
2125 585 2268 648 seg-

231 673 463 734 menta
509 668 719 752 [Eucl.
765 668 846 752 V,
893 670 963 750 8]
975 719 993 752 ,
1040 669 1312 753 adparet
1359 671 1683 753 segmenti
1727 673 1935 734 ΑΒΓ
1973 674 2268 757 centrum

232 776 588 861 grauitatis
635 775 900 859 propius
949 797 1090 840 esse
1134 776 1370 842 uertici
1418 780 1475 840 Β
1523 798 1722 860 quam
1768 779 2060 840 centrum
2104 774 2267 859 figu-

231 903 350 946 rae
394 877 822 966 inscriptae.²)
897 885 965 945 et
1006 880 1076 944 in
1127 882 1426 947 omnibus
1472 882 1697 968 figuris
1735 881 2087 947 rectilineis
2126 902 2268 966 seg-

234 989 477 1052 mentis
525 987 786 1070 proprie
830 987 1165 1072 inscriptis
1213 988 1440 1053 eadem
1485 988 1654 1052 ratio
1701 987 1895 1053 ualet.

1196 1181 1309 1247 VI.

373 1306 545 1371 Dato
584 1309 919 1390 segmento
960 1306 1427 1390 comprehenso
1467 1308 1640 1372 linea
1677 1313 1856 1371 recta
1893 1310 1959 1371 et
1985 1306 2272 1371 sectione

233 1413 386 1480 coni
441 1413 804 1499 rectanguli
859 1413 1000 1476 fieri
1056 1415 1303 1496 potest,
1363 1417 1436 1478 ut
1489 1414 1696 1499 figura
1752 1413 2082 1479 rectilinea
2130 1435 2270 1500 seg-

232 1521 459 1584 mento
523 1519 785 1601 proprie
840 1517 1259 1601 inscribatur,
1323 1518 1420 1583 ita
1473 1523 1548 1582 ut
1602 1519 1774 1583 linea
1832 1519 2004 1584 inter
2051 1524 2272 1585 centra

234 1625 585 1711 grauitatis
635 1625 959 1709 segmenti
1004 1627 1071 1688 et
1116 1624 1365 1708 figurae
1412 1624 1762 1709 inscriptae
1800 1625 2019 1707 posita
2055 1627 2271 1690 minor

236 1732 329 1797 sit
375 1731 606 1815 quauis
653 1732 825 1796 linea
870 1730 1041 1794 data.
1406 1730 1412 1734 ’

373 1839 596 1902 datum
644 1838 731 1902 sit
777 1840 1205 1920 segmentum,
1253 1838 1445 1920 quale
1482 1837 1778 1921 diximus,
1825 1841 2042 1921 ΑΒΓ,
2090 1838 2269 1903 cuius

236 1946 533 2009 centrum
590 1942 942 2028 grauitatis
1012 1942 1099 2006 sit
1154 1946 1237 2026 Θ,
1302 1945 1369 2006 et
1434 1944 1491 2006 ei
1553 1943 1949 2009 inscribatur
2011 1945 2271 2029 proprie

234 2050 607 2133 triangulus
654 2052 870 2113 ΑΒΓ.
963 2053 1029 2113 et
1074 2049 1229 2112 data
1276 2049 1452 2113 linea
1499 2051 1587 2113 sit
1633 2054 1704 2135 Z,
1753 2055 1818 2116 et
1866 2052 1954 2116 sit

827 2153 1676 2222 AABP1K=Bozz

234 2263 373 2327 iam
428 2265 763 2346 segmento
810 2264 1017 2325 ΑΒΓ
1064 2252 1325 2346 proprie
1379 2262 1778 2327 inscribatur
1833 2263 2044 2348 figura
2088 2265 2273 2329 recti-

235 2369 415 2433 linea
441 2374 505 2432 Α
516 2371 585 2432 Κ
592 2372 649 2432 Β
662 2372 807 2451 ΛΓ,
855 2368 951 2432 ita
995 2373 1070 2433 ut
1117 2369 1330 2454 spatia
1371 2368 1626 2452 reliqua
1662 2368 1918 2433 minora
1956 2371 2087 2434 sint
2122 2392 2274 2453 spa-

234 2475 334 2540 tio
365 2472 503 2559 K.³)
570 2477 635 2538 et
679 2475 931 2558 figurae
967 2472 1319 2556 inscriptae
1360 2478 1653 2539 centrum
1694 2475 2036 2559 grauitatis
2075 2475 2162 2540 sit
2197 2480 2272 2540 E.
2351 2549 2356 2562 ¹

237 2581 405 2663 dico,
450 2580 693 2645 lineam
738 2584 870 2645 ΘΕ
912 2580 1225 2644 minorem
1274 2601 1415 2644 esse
1463 2580 1636 2645 linea
1684 2585 1757 2644 Z.

374 2710 527 2752 nam
576 2688 631 2751 si
676 2708 811 2751 non
859 2689 976 2770 est,
1022 2689 1135 2749 aut
1182 2687 1471 2768 aequalis
1521 2690 1620 2751 est
1667 2690 1781 2752 aut
1817 2686 2042 2751 maior.
2116 2708 2270 2771 quo·

233 2794 417 2860 niam
474 2795 694 2857 autem
749 2792 960 2876 figura
1015 2792 1356 2857 rectilinea
1400 2795 1755 2857 ΑΚΒΛΓ
1804 2792 1885 2856 ad
1933 2796 2271 2877 segmenta

235 2899 496 2982 reliqua
568 2899 880 2963 maiorem
952 2900 1274 2963 rationem
1339 2897 1569 2982 habet,
1641 2919 1837 2981 quam
1901 2898 2270 2983 triangulus

387 3077 439 3142 1)
477 3073 586 3128 Cfr.
626 3092 679 3143 p.
720 3079 822 3128 207
860 3075 977 3128 not.
1019 3079 1066 3129 3.

385 3148 438 3211 2)
476 3145 542 3198 U.
582 3144 866 3200 EutociuS.

384 3220 439 3284 3)
478 3216 543 3270 U.
582 3215 850 3270 Eutocius
888 3214 961 3269 ad
995 3231 1154 3284 prop.
1193 3220 1228 3269 4
1265 3233 1320 3284 p.
1362 3220 1483 3281 198,
1521 3218 1608 3271 20.

238 3411 303 3466 F.
419 3414 757 3480 ευθυγραμμ
794 3428 923 3465 cum
959 3426 1137 3479 comp.
1178 3429 1244 3463 ov
1284 3409 1344 3464 F.
1459 3417 1540 3465 10.
1580 3407 1754 3481 ἐστιν]
1801 3409 2020 3476 addidi;
2061 3425 2166 3464 om.
2205 3410 2267 3474 F,

240 3483 432 3566 uuigO.
583 3488 664 3537 18.
707 3485 748 3535 Z
788 3480 1167 3604 (priusqvAZ
1201 3480 1325 3536 FV.
1473 3485 1514 3536 Z
1553 3480 1722 3552 (alt.)]
1773 3483 1876 3534 EZ
1913 3479 2037 3536 FV.
2180 3486 2268 3536 22.

239 3553 369 3624 τον]
407 3572 471 3606 το
510 3569 638 3607 cum
676 3569 857 3623 comp.
896 3571 962 3607 ου
1047 3595 1059 3608 .

349 3651 645 3692 Archimedes
673 3651 742 3693 ed.
769 3652 987 3701 Helberg.
1024 3651 1090 3692 11.
1887 3646 1954 3694 14
