2659 3967
809 184 906 239 DE
943 184 1187 245 LINEIS
1225 184 1667 243 SPIRALIBUS.
2161 184 2253 253 65

205 332 475 416 spir-alis
487 382 506 415 ‚
570 332 744 397 linea
796 333 1018 405 autem
1073 334 1206 399 ΑΘ
1261 331 1657 416 principium
1710 330 2253 415 circumactioniS,

201 443 272 505 et
308 439 564 525 primus
603 438 876 505 circulus
915 441 1052 505 ΘΚ
1058 441 1144 505 Η.
1227 437 1571 523 contingat
1604 441 1829 503 autem
1862 438 2039 505 linea
2072 441 2257 505 recta

203 550 417 611 EAZ
477 544 788 628 spiralem
846 545 918 611 in
975 546 1216 629 puncto
1273 548 1368 628 A,
1430 547 1499 611 et
1550 566 1593 611 a
1644 548 1891 627 puncto
1936 550 2003 609 A
2046 544 2140 613 'ad
2184 548 2254 613 A

201 652 483 719 ducatur
527 650 703 717 linea
750 655 817 714 A
826 655 908 715 A.
988 648 1591 733 demonstrandum,
1633 650 1876 715 lineam
1924 654 1991 716 A
2000 654 2056 715 Z
2104 670 2255 725 cum

201 759 384 825 linea
430 762 574 823 AA
619 757 928 824 obtusum
976 756 1290 847 angulum
1333 754 1603 828 efficere.

343 864 750 931 describatur
807 863 1090 931 circulus
1145 867 1215 931 A
1233 864 1393 946 TN,
1446 861 1631 927 cuius
1686 864 1981 929 centrum
2036 862 2125 927 sit
2168 868 2253 947 A,

203 970 431 1037 radius
491 973 706 1037 autem
752 975 817 1035 A
832 975 916 1034 A.
1005 969 1232 1053 itaque
1283 988 1546 1033 necesse
1603 971 1731 1052 est,
1784 967 1979 1033 huius
2026 968 2249 1035 circuli

203 1077 564 1161 ambitum,
623 1076 738 1161 qui
800 1075 872 1142 in
928 1073 1466 1160 praecedentibus
1522 1076 1649 1157 est,
1714 1073 1891 1139 intra
1946 1075 2253 1159 spiralem

203 1181 472 1266 cadere,
527 1184 640 1269 qui
695 1182 763 1247 in
813 1182 1236 1267 sequentibus
1281 1186 1413 1265 est,
1467 1185 1677 1265 extra,
1732 1180 1889 1265 quia
1932 1182 2253 1250 linearum

204 1288 290 1351 ab
351 1292 420 1353 A
471 1286 558 1354 ad
613 1288 922 1373 spiraiem
971 1287 1312 1357 ductarum
1367 1308 1533 1373 quae
1589 1288 1658 1353 in
1713 1287 2252 1371 praecedentibus

205 1396 396 1477 sunt,
461 1394 742 1461 maiores
807 1397 964 1462 sunt
1016 1394 1190 1461 linea
1248 1399 1419 1479 AA,
1482 1416 1648 1479 quae
1703 1393 1775 1459 in
1828 1396 2251 1478 sequentibus

204 1504 398 1584 sunt,
451 1499 756 1569 minores.
846 1501 1162 1587 angulum
1217 1500 1422 1585 igitur
1466 1501 1657 1573 lineis
1707 1505 1866 1584 AA,
1913 1506 2036 1567 AZ
2082 1524 2253 1567 com-

209 1606 611 1689 prehensum
657 1610 922 1673 acutum
965 1628 1099 1671 non
1145 1628 1317 1690 esse,
1374 1606 1673 1691 adparet,
1721 1628 1867 1673 cum
1912 1608 2121 1673 maior
2168 1610 2255 1679 sit

211 1712 461 1797 angulo
507 1713 917 1781 semicirculi.
931 1710 984 1799 ¹)
1075 1716 1324 1779 rectum
1371 1733 1527 1779 uero
1575 1732 1723 1780 eum
1766 1735 1899 1779 non
1944 1734 2113 1797 esse,
2158 1714 2257 1781 ita

212 1819 796 1888 demonstrandum
851 1822 976 1893 est:
1033 1820 1122 1885 sit
1167 1819 1339 1885 enim
1353 1870 1371 1903 ,
1426 1820 1484 1885 ei
1529 1818 1674 1885 fieri
1718 1821 1963 1903 potest,
2020 1824 2257 1890 rectus,

208 1926 432 2011 itaque
495 1926 670 1994 linea
730 1931 870 1991 EA
882 1930 937 1991 Ζ
1002 1926 1315 1993 circulum
1378 1929 1447 1991 A
1466 1928 1627 1991 TN·
1662 1924 1987 2011 contingit
2048 1924 2255 2005 [Eucl.

209 2030 344 2117 ΙΙΙ,
403 2033 486 2099 16
540 2028 883 2118 πόρισμα]
973 2033 1118 2101 fieri
1173 2032 1381 2117 igitur
1424 2035 1669 2117 potest,
1723 2034 1799 2097 ut
1842 2031 1925 2097 ab
1974 2036 2039 2095 A
2081 2031 2257 2099 linea

213 2139 296 2205 ad
358 2139 602 2205 lineam
667 2140 1152 2225 contingentem
1209 2138 1485 2205 ducatur
1497 2190 1515 2223 ,
1570 2141 1669 2205 ita
1724 2142 1801 2206 ut
1853 2138 2032 2204 linea
2084 2137 2256 2203 inter

212 2246 709 2331 contingentem
773 2250 841 2311 et
904 2246 1220 2311 ambitum
1286 2245 1509 2311 circuli
1570 2246 1789 2331 posita
1856 2244 1939 2311 ad
1997 2244 2254 2311 radium

213 2351 446 2417 circuli
506 2352 824 2417 minorem
879 2351 1199 2417 rationem
1243 2352 1513 2436 habeat,
1574 2372 1771 2435 quam
1816 2350 2020 2417 habet
2065 2370 2253 2415 arcus

214 2457 392 2523 inter
456 2462 772 2542 punctum
835 2457 1143 2523 tactionis
1209 2461 1277 2522 et
1328 2458 1575 2523 lineam
1628 2458 1710 2522 ad
1764 2457 2255 2543 contingentem

365 2670 417 2735 1)
456 2668 526 2722 Η.
575 2683 620 2722 e.
679 2666 887 2737 angulo
941 2666 1090 2722 inter
1139 2666 1350 2723 lineam
1396 2673 1502 2722 ΑΔ
1548 2670 1609 2723 et
1652 2684 1841 2721 arcum
1891 2670 2061 2721 APT
2104 2682 2254 2721 com-

262 2738 518 2807 rebeum,
555 2737 655 2807 qui
690 2738 870 2793 maior
906 2741 992 2793 est
1026 2738 1282 2806 quolibet
1317 2742 1483 2794 acuto
1512 2738 1719 2808 angulo
1749 2737 2041 2792 rectilineo
2072 2734 2253 2805 (Eucl.

215 2757 314 2879 PII,
347 2811 468 2878 16)ς
504 2824 677 2878 quare
716 2825 844 2865 cum
878 2808 974 2863 hic
1009 2810 1248 2879 angulus
1284 2827 1419 2880 pars
1458 2810 1533 2865 nit
1560 2826 1631 2863 an
1674 2807 1754 2862 uli
1783 2812 1963 2873 ΑΔΖ,
2000 2807 2253 2877 adparet,

215 2880 370 2935 hunc
407 2883 636 2936 acutum
675 2880 828 2935 certe
863 2896 976 2935 non
1013 2897 1134 2935 cese
1171 2880 1351 2949 (Eucl.
1389 2879 1416 2933 I
1451 2899 1593 2935 κοιν.
1664 2898 1749 2933 w.
1787 2881 1860 2947 9).

459 3010 542 3017 —ae—...

217 3076 412 3146 uulgo,
579 3079 662 3129 18.
701 3078 977 3144 ευχθειαν
1012 3076 1075 3130 F.
1237 3080 1323 3131 22.
1362 3094 1474 3129 των
1510 3080 1620 3129 AA
1633 3079 1675 3129 Z
1708 3075 1783 3144 F,
1819 3075 2009 3159 uulgo·
2165 3079 2254 3130 23.

219 3143 388 3229 ρρθή
407 3146 481 3213 Ἐς
531 3162 669 3202 corr.
685 3145 1002 3229 ‘Tor-ellim.
1149 3152 1234 3204 24.
1275 3141 1478 3229 οὕτως]
1515 3162 1618 3216 per
1652 3146 2049 3229 compendium
2083 3144 2255 3231 paulo

218 3216 555 3273 insolentius
592 3218 862 3286 scriptum
898 3215 970 3282 Ἐς
1007 3212 1078 3272 ὅν
1115 3216 1177 3284 Β,
1216 3218 1301 3272 ed.
1340 3215 1533 3286 Basil„
1571 3216 1861 3273 TorelhuS.
1992 3218 2155 3286 ορθη.
2214 3234 2249 3283 η

219 3287 288 3356 Ἐς
329 3305 468 3345 corr.
508 3286 803 3343 Torellius.
949 3294 1032 3344 26.
1075 3282 1220 3360 ἀπό]
1260 3283 1297 3341 οἳ
1336 3288 1398 3344 F.

328 3634 648 3686 Archimedes,
674 3635 745 3676 ed.
771 3634 987 3683 neum-g.
1031 3636 1096 3675 11.
1903 3627 1935 3676 ὅ
