2659 3967
510 213 609 267 DE
649 213 758 281 IIS,
803 211 1000 277 QUAE
1038 212 1118 266 IN
1157 209 1447 266 HUMIDO
1487 210 1912 266 UEHUNTUR.
2094 210 2231 275 409

1024 395 1215 460 Pars
1262 393 1378 460 IV.

327 518 398 586 Si
448 520 665 605 portio
714 519 797 584 ad
842 519 1186 584 humidum
1231 519 1301 584 in
1349 518 1679 604 grauitate
1725 519 2042 584 maiorem
2089 515 2228 601 qui-

192 629 342 693 dem
397 626 888 712 proportionem
941 626 1213 712 habeat,
1277 648 1502 711 quam..
1529 624 1917 711 quadratum
1961 621 2100 689 FP
2147 622 2228 686 ad

189 733 581 820 quadratum
652 733 722 798 B
731 733 802 800 D
816 785 835 818 ,
908 733 1227 799 minorem
1301 755 1486 816 uer0,
1568 756 1763 826 quam
1838 730 2226 818 quadratum

187 837 309 906 ΞΟ
366 840 447 906 ad
491 839 640 907 BD
695 839 1111 926 quadratum,
1168 838 1239 906 in
1291 841 1633 906 humidum
1687 839 1968 905 demissa
2023 841 2090 904 et
2133 839 2227 904 in·
2265 857 2302 906 5

190 947 441 1012 olinata
487 945 668 1032 ade0‚
714 951 788 1012 ut
834 947 1012 1030 basis
1058 948 1263 1032 ipsius
1304 969 1446 1012 ¹non
1489 945 1825 1036 contingat
1869 943 2229 1028 humidum,

188 1053 507 1120 consistet
534 1057 618 1117 'et
662 1052 955 1118 manebit
1000 1053 1126 1138 ita,
1169 1058 1244 1118 ut
1289 1053 1469 1118 basis
1515 1051 1586 1117 in
1629 1049 1966 1116 humidum
2013 1051 2232 1135 magis

189 1157 679 1246 demergatur.²)

1052 1337 1243 1401 Pars
1289 1335 1372 1402 V.

329 1460 399 1526 Si
454 1465 672 1526 autem
726 1462 945 1546 portio
993 1462 1075 1526 ad
1117 1461 1457 1526 humidum
1501 1462 1571 1525 in
1617 1460 1942 1546 grauitate
1987 1462 2230 1527 habeat
2269 1481 2341 1530 10

188 1568 681 1655 proportionem
718 1569 1035 1634 minorem
1071 1569 1516 1655 proportione,
1557 1568 1754 1653 quani
1789 1567 1990 1632 habet
2026 1572 2228 1633 tetra-

190 1698 439 1763 gonum
497 1675 667 1759 quod
716 1675 799 1738 ab
842 1673 982 1740 FP
1021 1674 1103 1739 ad
1147 1662 1568 1760 tetragonum
1616 1675 1788 1760 quod
1836 1698 1874 1740 a
1919 1674 2091 1759 BD,
2137 1674 2230 1738 di-

189 1784 397 1850 missa
454 1783 524 1845 in
580 1781 919 1846 humidum
976 1786 1042 1846 et
1094 1783 1314 1866 posita
1368 1783 1684 1848 inclinata
1735 1783 1858 1867 ita,
1921 1785 1997 1847 ut
2049 1781 2228 1846 basis

190 1888 402 1974 ipsius
448 1910 581 1953 non
617 1891 856 1974 tangat
887 1888 1249 1972 humidum,
1296 1889 1610 1954 consistet
1645 1889 1963 1954 inclinata
1997 1889 2113 1973 ita,
2161 1893 2231 1953 ut

193 1995 333 2059 axis
398 1995 660 2080 quidem
714 1994 920 2078 ipsius
978 1995 1059 2059 ad
1115 1995 1524 2080 superficiem
1576 1995 1829 2060 humidi
1849 1979 1853 1984 ⁴
1874 1995 2074 2060 faciat
2121 2016 2231 2058 an-
2271 2012 2343 2060 15

192 2102 426 2187 gulum
473 2101 793 2166 minorem
842 2102 1085 2186 angulo
1121 2105 1202 2185 Φ,
1247 2101 1424 2166 basis
1475 2105 1697 2166 autem
1731 2101 1938 2186 ipsius
1975 2123 2094 2166 1130
2133 2122 2232 2166 33-

192 2208 476 2274 eundum
522 2230 727 2274 unum
772 2210 1009 2292 tangat
1055 2208 1461 2293 superficiem
1507 2207 1776 2273 humidi.

330 2314 910 2380 Demonstrabitur
954 2315 1179 2400 itaque
1224 2315 1389 2380 haee
1437 2313 1759 2400 deinceps,

702 2545 1292 2612 Demonstratio
1338 2547 1592 2632 partis
1638 2547 1720 2610 H.

328 2666 595 2734 Habeat
646 2671 869 2754 itaque
924 2669 1132 2754 primo
1188 2670 1406 2754 portio
1456 2669 1538 2734 ad
1583 2670 1926 2735 humidum
1971 2670 2042 2735 in
2088 2692 2232 2757 gra·
2271 2687 2348 2736 20

198 2773 413 2836 nitate
456 2774 948 2858 proportionem
996 2775 1254 2860 quidem
1299 2776 1615 2840 maiorem
1663 2797 1756 2860 ea,
1803 2795 1995 2860 quam
2030 2777 2234 2844 habet

194 2883 617 2965 tetragonum
667 2879 839 2964 quod
886 2881 970 2944 ab
1008 2877 1126 2946 ΞΟ
1173 2882 1253 2945 acl
1289 2882 1375 2966 id,
1421 2882 1593 2966 quod
1629 2905 1670 2946 a
1705 2882 1870 2968 BD,
1915 2884 2234 2950 minorem

196 2991 419 3052 autem
464 2981 580 3072 ea,
636 3009 830 3072 quam
882 2987 1085 3053 habet
1128 2991 1551 3072 tetragonum
1600 2990 1772 3074 quod
1819 2991 1904 3054 ab
1951 3012 2236 3076 excessu,

196 3115 325 3178 quo
374 3093 513 3158 axis
562 3096 663 3158 est
708 3094 917 3159 maior
964 3116 1160 3179 quam
1204 3095 1554 3160 hemiolius
1602 3097 1770 3182 31113,
1817 3119 1980 3182 quae
2026 3120 2234 3182 usque

344 3271 398 3338 1)
438 3270 584 3324 Tota
616 3285 748 3338 pare
774 3269 854 3324 IV
881 3270 979 3324 lin.
1002 3276 1141 3326 1—-8
1178 3287 1215 3326 a·
1250 3270 1518 3326 Tartalea
1553 3271 1758 3328 omissa
1793 3274 1882 3328 est
1907 3273 2032 3340 (cfr.
2061 3271 2234 3326 uesti-

198 3341 359 3409 gium
396 3339 518 3396 eius
552 3359 609 3410 p.
648 3346 773 3410 408,
814 3347 881 3396 16
918 3343 1083 3410 not.);
1120 3340 1410 3411 suppleuit
1447 3339 1660 3398 Comm.

344 3507 429 3556 16.
470 3501 544 3572 Φ]
586 3501 697 3568 ,‚x“
735 3500 1013 3556 Tartalea.
1182 3507 1264 3556 19.
1302 3501 1555 3557 Titulum
1599 3502 1693 3557 hio
1736 3503 1795 3558 et
1827 3501 1979 3558 infra
2011 3503 2242 3558 addidit

202 3569 415 3624 Comm.
562 3577 650 3626 22.
688 3572 977 3642 ‚,minore“
1014 3573 1295 3628 Tartalea.
