2659 3967
436 169 568 236 170
621 171 1008 224 ΕΠΙΠΕΔΩΝ
1044 173 1273 224 ΙΣΟΡΡ.
1312 173 1368 221 H
1403 168 1690 223 KENTPA
1726 171 1969 223 BAPszN
2005 171 2212 223 EIIIII.
2249 163 2334 223 A'.

426 313 785 402 τριγώνου.
876 313 1078 400 λέγω,
1138 312 1240 381 ὅτι
1294 311 1407 380 καὶ
1461 311 1537 381 τὸ
1587 319 1665 380 Ν
1709 313 1990 401 κέντρον
2037 311 2282 401 βάρεος
2332 313 2478 379 ἐστι

428 425 557 489 τοῦ
607 428 808 488 ΔΕΖ
854 421 1207 509 τριγώνου.

567 527 656 616 μὴ
704 528 855 617 γάρ,
902 526 1051 596 ἀλλ’
1103 533 1165 596 εἰ
1209 527 1528 615 δυνατόν,
1575 531 1741 596 ἔστω
1788 527 1865 596 τὸ
1912 535 1992 595 Η
2023 528 2303 616 κέντρον
2351 527 2480 613 βά-

432 663 585 724 ρεος
629 640 751 704 τοῦ
801 644 869 703 A
879 643 1003 702 EZ
1048 635 1403 723 τριγώνου.
1485 635 1596 702 καὶ
1644 635 2148 723 ἐπεζεύχθωσαν
2196 637 2271 701 αἱ
2313 642 2474 720 ΘΑ,

362 755 395 802 ⁵
434 749 589 828 ΘΒ,
638 747 781 828 ΘΓ,
830 749 1005 829 ΛΝ,
1053 748 1222 829 ΕΝ,
1272 749 1436 828 ΖΝ,
1485 749 1651 827 ΛΗ,
1698 748 1858 828 ΕΗ,
1908 749 2058 810 ΖΗ.
2152 742 2291 810 ἐπεὶ
2341 733 2476 809 οὖν

433 847 675 936 ὁμοϊόν
742 851 878 916 ἐστι
941 847 1018 917 τὸ
1081 855 1289 916 ΑΒΓ
1332 854 1667 935 τρίγωνον
1723 852 1814 941 τῷ
1879 855 2080 916 ΔΕΖ
2138 847 2474 940 τριγώνῳ,

431 955 543 1023 καὶ
592 957 832 1042 κέντρα
876 959 1014 1023 τῶν
1059 956 1325 1042 βαρέων
1372 955 1512 1022 ἐστὶ
1556 953 1636 1022 τὰ
1677 961 1756 1040 Θ,
1794 961 1874 1021 Η
1910 967 2169 1040 σαμεϊα,
2215 958 2353 1022 τῶν
2391 953 2476 1021 δὲ

433 1058 689 1150 ὁμοίων
737 1061 1091 1149 σχημάτων
1136 1059 1217 1128 τὰ
1262 1061 1504 1149 κέντρα
1549 1065 1688 1130 τῶν
1732 1062 1996 1150 βαρέων
2043 1058 2292 1148 ὁμοίως
2330 1061 2474 1128 ἐντὶ

429 1172 723 1253 κείμενα,
769 1164 941 1236 ὥστε
988 1175 1137 1246 ἴσας
1181 1169 1581 1253 ποιησοῦντι
1626 1172 1876 1252 γωνίας
1921 1167 2074 1234 ποτὶ
2120 1179 2263 1246 ταῖς
2309 1163 2470 1253 ὁμο-

328 1283 395 1333 10
433 1273 661 1360 λόγοις
696 1280 1013 1360 πλευραῖς
1049 1275 1327 1340 ἕκαστον
1367 1272 1694 1357 ἑκάσταις,
1731 1280 1844 1339 ἴσα
1873 1270 2005 1359 ἄρα
2033 1268 2075 1338 ἆ
2105 1270 2238 1340 ὑπὸ
2267 1279 2478 1340 ΗΔΕ

431 1386 646 1466 γωνία
700 1384 782 1468 τᾷ
838 1377 969 1447 ὑπὸ
1019 1385 1235 1447 ΘΑΒ.
1327 1377 1498 1446 ἀλλὰ
1553 1377 1597 1445 ἆ
1652 1375 1786 1448 ὑπὸ
1835 1385 2033 1446 &AB
2089 1385 2303 1466 γωνία
2351 1387 2471 1447 ἴσα

433 1486 571 1554 ἐστὶ
623 1489 705 1574 τᾷ
761 1483 894 1554 ὑπὸ
942 1491 1166 1552 ΕΔΝ
1216 1483 1329 1552 διὰ
1386 1484 1463 1552 τὸ
1514 1481 1761 1571 ὁμοίως
1805 1491 2075 1553 κείσθαι
2120 1482 2202 1552 τὰ
2251 1492 2339 1571 Θ,
2395 1493 2480 1554 Ν

433 1605 689 1679 σαμεῖα.
762 1592 875 1659 καὶ
922 1588 1143 1668 ἁὺπὸ
1175 1597 1400 1658 ΕΔΝ
1437 1598 1652 1677 γωνία
1697 1589 1832 1679 ἄρα
1877 1599 1991 1659 ἴσα
2038 1592 2176 1659 ἐστὶ
2210 1596 2295 1681 τᾷ
2332 1589 2470 1660 ὑπὸ

432 1705 679 1785 ΕΔΗ,
736 1697 777 1766 ἆ
834 1703 1074 1785 μείζων
1129 1702 1213 1787 τᾷ
1268 1697 1612 1766 ἐλάσσονι·
1680 1695 1841 1785 ὅπερ
1887 1696 2248 1766 ἀδύνατον.
2342 1696 2474 1766 οὐκ

322 1814 391 1864 15
430 1803 563 1892 ἄρα
611 1803 736 1874 οὔκ
783 1807 922 1872 ἐστι
966 1805 1249 1891 κέντρον
1292 1808 1417 1872 τοῦ
1454 1803 1699 1891 βάρεος
1732 1808 1858 1872 τοῦ
1888 1811 1956 1870 Δ
1966 1811 2091 1871 ΕΖ
2127 1804 2472 1892 τριγώνου

429 1911 507 1980 τὸ
552 1918 629 1979 Ν
657 1911 980 2008 ,σαμεῖονζ
1048 1915 1228 1978 ἔστιν
1274 1908 1426 1997 ἄρα.

1394 2087 1508 2173 ιβ’.

564 2219 659 2278 El'
695 2237 780 2279 κα
827 2211 954 2279 δύο
1002 2217 1297 2299 τρίγωνα
1344 2209 1546 2297 ὁμοῖα
1592 2215 1811 2297 ἔωντι,
1858 2214 1979 2278 τοῦ
2027 2210 2102 2278 δὲ
2139 2209 2292 2290 ἑνὸς
2327 2237 2470 2300 τρι-

430 2316 660 2403 γώνου
703 2320 984 2405 κέντρον
1029 2311 1072 2406 ᾖ
1118 2322 1241 2386 τοῦ
1286 2318 1530 2405 βάρεος
1576 2318 1682 2386 ἐπὶ
1726 2322 1846 2397 τᾶς
1889 2317 2189 2403 εὐθείας,
2235 2315 2282 2384 ἅ
2329 2321 2469 2386 ἐντι

320 2434 393 2484 20
430 2422 565 2491 άπό
615 2450 798 2503 τινος
843 2429 1092 2511 γωνίας
1138 2424 1243 2492 ἐπὶ
1290 2426 1500 2510 μέσαν
1545 2422 1670 2492 τάν
1715 2423 1922 2510 βάσιν
1968 2422 2296 2510 ἄγομένα,
2351 2425 2468 2492 καὶ

429 2536 552 2600 τοῦ
599 2533 841 2598 λοιποῦ
887 2529 1224 2618 τριγώνου
1267 2527 1344 2598 τὸ
1390 2530 1672 2617 κέντρον
1719 2532 2004 2598 ἐσσείται
2051 2534 2173 2598 τοῦ
2221 2530 2470 2619 βάρεος

429 2638 536 2707 ἐπὶ
581 2641 701 2717 τοῖς
748 2633 996 2722 ὁμοίως
1041 2633 1375 2723 ἀγομένας
1418 2641 1741 2724 γραμμάς.

562 2750 730 2813 ἔστω
788 2743 915 2811 δύο
969 2748 1265 2831 τρίγωνα
1313 2740 1396 2810 τὰ
1446 2749 1665 2830 ΑΒΓ,
1713 2751 1945 2830 ΔΕΖ,
1999 2744 2112 2810 καὶ
2159 2749 2326 2812 ἔστω
2374 2743 2470 2826 ὡς

428 2851 470 2920 ἆ
510 2859 649 2920 ΛΓ
684 2851 837 2921 ποτὶ
876 2858 1032 2938 ΔΖ,
1080 2849 1293 2930 οὕτως
1338 2849 1384 2917 ἅ
1428 2877 1497 2918 τε
1535 2857 1664 2918 ΑΒ
1711 2851 1863 2918 ποτὶ
1902 2858 2062 2938 ΔΕ,
2107 2851 2218 2918 καὶ
2256 2847 2299 2918 ἆ
2338 2855 2476 2918 ΒΓ

316 2967 391 3017 25
429 2958 580 3026 ποτὶ
636 2965 779 3026 ΖΕ.
869 2958 982 3025 καὶ
1040 2962 1407 3044 τμαθείσας
1463 2960 1584 3036 τᾶς
1637 2964 1700 3023 Α
1710 2962 1774 3024 Γ
1825 2960 1980 3045 δίχα
2038 2955 2204 3024 κατὰ
2260 2953 2336 3024 τὸ
2393 2963 2478 3022 Η

430 3063 802 3150 ἐπεζεύχθω
839 3060 882 3130 ά
913 3071 1072 3149 ΒΗ,
1118 3065 1229 3131 καὶ
1268 3069 1435 3131 ἔστω
1473 3060 1549 3131 τὸ
1585 3065 1866 3152 κέντρον
1903 3069 2024 3132 τοῦ
2061 3063 2304 3150 βάρεος
2339 3067 2467 3130 τοῦ

575 3247 657 3296 10.
690 3238 927 3295 ἕκαστον
958 3235 1246 3312 ἑκάσταις]
1278 3241 1504 3307 Quaest.
1526 3241 1690 3296 Arch.
1721 3259 1777 3310 p.
1811 3245 1939 3308 1443
1972 3235 2217 3295 ἕκάσταν
2248 3234 2468 3314 ἕκάστᾳ

429 3312 725 3367 Torellius.
898 3328 989 3380 ιση
1028 3311 1099 3378 F3
1148 3329 1285 3366 corr.
1336 3312 1626 3366 Tot-essius.
1804 3317 1888 3367 12.
1927 3315 2112 3365 ΕΔΗ
2143 3312 2206 3368 F.
2375 3317 2464 3367 13.

429 3387 617 3438 ΕΔΗ
650 3387 709 3439 et
735 3385 846 3438 ΕΔ
858 3386 922 3437 Ν
952 3381 1015 3450 F,
1054 3382 1151 3436 uul
1195 3399 1253 3452 ο,
1290 3384 1611 3453 permutaui
1647 3385 1880 3452 propter
1917 3399 2151 3452 sequens
2188 3377 2226 3435 ἃ
2257 3383 2468 3452 μείζων

423 3456 498 3508 τᾶ
538 3450 814 3511 ἐλάσσονι.
964 3459 1045 3509 17.
1086 3449 1132 3507 ι’
1218 3497 1230 3512 .
1377 3453 1463 3509 24.
1502 3472 1641 3524 προς
1676 3470 1778 3523 per
1815 3470 1993 3524 comp.
2030 3453 2074 3508 F
2114 3452 2268 3524 (bis);
2319 3469 2468 3508 corr.

426 3508 726 3596 TorelliuS,
765 3528 829 3580 υτ
862 3526 958 3580 lin.
999 3529 1085 3580 25.
