2659 3967
434 186 567 251 432
884 190 890 195 ”
1039 186 1257 243 LIBER
1292 186 1854 245 ASSUMPTORUM.

438 336 593 397 sunt
632 332 951 418 aequales.
1008 335 1074 399 et
1099 337 1443 399 remanent
1473 332 1682 416 GFE,
1711 331 1914 399 GEF
1941 333 2263 416 aequales.
2313 354 2471 421 ergo

440 437 566 507 OE
606 439 899 525 aequalis
948 443 1049 505 est
1096 437 1234 523 OF,
1280 443 1348 505 et
1391 439 1516 505 hoc
1562 442 1681 522 est,
1727 438 1902 523 quod
1944 439 2290 506 noluimus.

1394 614 1509 685 IV.

574 737 674 806 Sit
699 739 910 807 ABG
932 741 1392 825 semicirculus,
1419 744 1486 805 et
1511 742 1676 807 fiant
1703 763 1898 826 super
1923 740 2058 807 AC
2077 741 2475 807 diametrum

439 848 565 913 duo
614 847 1025 933 semicirculi,
1071 870 1347 934 quorum
1393 869 1560 913 unus
1598 847 1762 932 AD,
1808 848 1976 913 alter
2019 869 2175 913 uero
2212 846 2360 932 DO,
2411 853 2478 913 et

438 951 585 1019 DB
630 955 1213 1039 perpendicularis,
1269 954 1497 1041 utique
1542 954 1757 1040 figura
1800 954 2215 1039 prouenienS,
2273 976 2477 1039 quam

440 1062 639 1125 uocat
664 1059 1089 1127 Archimedes
1117 1058 1411 1125 Arbelon
1441 1059 1572 1147 (est
1606 1060 1976 1146 superficies
2006 1059 2478 1144 comprehensa

442 1166 525 1230 ab
574 1168 731 1232 arcu
776 1166 1165 1233 semicirculi
1208 1166 1478 1232 maioris
1526 1168 1594 1230 et
1637 1167 1889 1233 duabus
1938 1164 2476 1232 circumferentiis

441 1271 997 1338 semicirculorum
1042 1270 1429 1360 minorum),
1483 1276 1584 1338 est
1630 1273 1919 1359 aequalis
1967 1271 2234 1357 circu10,
2290 1274 2476 1339 cuius

441 1378 757 1445 diameter
805 1383 905 1446 est
948 1379 1506 1465 perpendicularis
1548 1378 1769 1467 DB.¹)

576 1484 1087 1554 Demonstratio.
1153 1485 1306 1570 quia
1341 1488 1514 1553 linea
1540 1486 1690 1553 DB
1725 1486 1940 1552 media
1965 1486 2474 1571 proportionalis

1567 1595 1670 1659 est
1696 1594 1870 1659 inter
1896 1594 2056 1659 duas
2086 1592 2293 1657 lineas
2313 1591 2476 1675 DA,

1565 1697 1704 1765 Do
1744 1698 1958 1780 [Eucl.
1998 1697 2112 1783 VI,
2154 1699 2263 1785 133
2311 1697 2477 1763 Zeit-

1568 1804 1800 1871 schrift
1853 1806 1896 1871 f.
1952 1805 2186 1890 Math.,
2244 1805 2474 1870 histor.

1565 1910 1768 1977 Abth.
1813 1910 2032 1977 XXIV
2086 1935 2147 1996 p.
2199 1911 2322 1977 181
2379 1933 2477 1978 nr.

507 1652 1463 2279 ἑ,
1572 2020 1702 2104 16],
1749 2019 1872 2084 erit
1914 2020 2183 2104 planum
2217 2017 2363 2084 AD
2407 2019 2478 2083 in

1566 2126 1702 2194 Do
1713 2127 1982 2213 aequale
2003 2126 2320 2211 quadrato
2339 2124 2479 2191 DB

1453 2210 1530 2277 A
1571 2234 1781 2315 [Eucl.
1814 2232 1927 2318 VI,
1973 2235 2102 2315 17].
2166 2236 2234 2299 et
2273 2254 2474 2317 pona·

444 2365 588 2407 mus
626 2342 772 2409 AD
816 2343 886 2406 in
922 2342 1059 2410 DC
1098 2364 1245 2408 cum
1292 2342 1542 2407 duobus
1581 2341 1913 2428 quadratis
1938 2339 2102 2425 AD,
2137 2337 2274 2407 DG'
2303 2362 2478 2406 com-

446 2448 762 2533 muniter3
806 2449 922 2513 fiet
965 2432 1235 2532 planum
1263 2448 1410 2514 AD
1453 2448 1520 2513 in
1548 2447 1686 2514 DC
1714 2448 1815 2513 bis
1853 2469 1998 2513 cum
2033 2447 2285 2513 duobus
2324 2469 2477 2532 qua-

447 2553 654 2621 dratis
700 2555 870 2635 AD,
915 2552 1075 2640 DC,
1128 2576 1365 2639 nem-pe
1413 2554 1801 2640 quadratum
1845 2550 1980 2619 AG
2020 2550 2230 2633 [Eucl.
2266 2550 2352 2637 H,
2386 2554 2477 2633 4],

448 2661 716 2747 aequale
784 2661 980 2747 duplo
1046 2661 1350 2746 quadrati
1403 2660 1550 2728 DB
1617 2682 1763 2727 cum
1828 2660 2077 2727 duobus
2144 2658 2476 2744 quadratis

446 2768 609 2851 AD,
654 2766 800 2834 DC.
875 2770 941 2831 et
983 2767 1320 2853 proportio
1368 2768 1756 2833 circulorum
1803 2765 2027 2833 eadem
2075 2768 2177 2830 est
2221 2787 2295 2831 ac
2331 2786 2476 2851 pro-

448 2875 664 2960 portio
741 2873 1205 2960 quadratorum
1282 2874 1494 2957 [Eucl.
1547 2872 1702 2958 XII,
1756 2874 1848 2955 2].
1956 2893 2112 2958 ergo
2176 2872 2480 2958 ¹circulus,

450 2982 629 3046 cuius
665 2980 979 3045 diameter
1016 2984 1117 3045 est
1142 2980 1286 3065 AG,
1325 2981 1612 3066 aequalis
1651 2983 1753 3045 est
1792 2979 1987 3065 duplo
2016 2977 2258 3063 circuli,
2297 2979 2476 3045 cuius

450 3087 767 3151 diameter
811 3091 912 3152 est
954 3087 1126 3171 DB,
1185 3111 1330 3153 cum
1379 3088 1631 3153 duobus
1679 3086 1966 3169 circulis,
2022 3107 2298 3169 quorum
2346 3086 2477 3151 dia-

597 3265 649 3332 1)
687 3261 805 3317 Has
851 3262 1264 3333 propositiones
1312 3263 1382 3317 de
1430 3263 1622 3318 arbelo
1669 3264 1744 3331 (4,
1782 3266 1832 3329 ὅ,
1873 3268 1905 3316 6
1944 3262 2002 3317 et
2042 3262 2094 3331 1)
2131 3277 2244 3316 non
2281 3258 2420 3315 dubi
2419 3262 2476 3315 to

448 3332 774 3389 Archimedi
829 3332 1091 3389 tribuere.
1216 3332 1552 3405 roprietates
1607 3333 1785 3389 arbeli
1839 3332 2153 3421 antiquitus
2207 3333 2477 3387 tractatas

450 3421 588 3473 esse,
638 3407 879 3460 testatur
914 3404 1072 3487 Papp
1074 3423 1139 3460 us
1174 3352 1631 3476 fV,19p.,208
1669 3410 1730 3460 9·
1778 3398 1815 3459 ἄ
1819 3406 1987 3475 οχαία
2025 3422 2133 3473 προ
2137 3420 2312 3464 tuaac.
2383 3418 2478 3457 no-

449 3492 581 3601 ἓξὲξ
606 3475 940 3616 {goeffigfx
976 3493 1027 3531 si
1004 3476 1348 3589 imilitudine
1384 3425 1602 3533 cultelli
1616 3447 1837 3533 sutorii
1873 3474 2068 3546 (schol.
2069 3424 2182 3529 ead
2208 3473 2478 3531 Nicandri

574 3563 621 3601 n
