2659 3967
1014 156 1491 213 FRAGMENTA.
2135 158 2266 223 461

242 301 899 389 ἑκκαιεικοσαέὸρων,
948 300 1087 369 ἐπεὶ
1123 302 1492 391 περιέχεται
1525 299 1970 391 τετραγώνοις
1990 298 2117 386 ,ιβ’
2163 302 2273 369 καὶ

242 406 605 495 ἑξαγώνοις
648 407 717 494 η’
764 407 877 475 καὶ
924 404 1331 493 ὀκταγώνοις
1368 407 1458 493 ς’,
1505 408 1634 490 ἕξει
1681 405 1952 497 στερεὰς
1987 406 2111 494 μὲν
2147 434 2276 493 γω-

243 520 397 595 νίας
439 514 581 602 μη’,
614 511 918 603 πλευρὰς
963 513 1040 583 δὲ
1086 514 1224 601 οβ’.

380 626 521 691 τῶν
566 620 642 689 δὲ
674 620 1495 711 δυοκαιτριακονταέδρων
1532 620 1610 690 τὸ
1647 621 1772 709 μὲν
1807 625 2099 709 πρῶτον,
2138 620 2278 689 ἐπεὶ

246 730 618 819 περιέχεται
669 726 1025 817 τριγώνοις
1075 753 1147 796 τε
1199 726 1267 795 κ’
1313 728 1427 796 καὶ
1471 728 1924 815 πενταγώνοις
1969 726 2094 813 ιβ’,
2148 727 2278 808 ἕξει

249 832 519 923 στερεάς
564 833 688 921 μὲν
725 838 974 921 γωνίας
1008 832 1099 920 λ’,
1146 832 1438 924 πλευρὰς
1475 834 1552 903 δὲ
1587 834 1667 915 ξ’.
1727 833 1807 903 τὸ
1846 833 1924 903 δὲ
1959 832 2278 921 δεύτερον

248 946 386 1011 τῶν
444 941 1261 1029 δυοκαιτριακονταέδρων
1273 991 1293 1027 ,
1351 940 1491 1007 ἐπεὶ
1537 941 1902 1035 περιέχεται
1947 939 2279 1027 πενταγώ-

250 1074 397 1129 νοις
442 1048 547 1133 ιβ’
592 1047 706 1115 καὶ
744 1045 1103 1133 ἑξαγώνοις
1136 1045 1227 1133 κ’,
1274 1047 1404 1129 ἕξει
1443 1046 1715 1137 στερεάς
1750 1046 1877 1135 μὲν
1909 1052 2161 1135 γωνίας
2199 1045 2281 1131 ξ’,

250 1154 542 1245 πλευρὰς
570 1154 647 1223 δὲ
674 1154 759 1226 Q'.
812 1152 890 1224 τὸ
922 1153 997 1223 δὲ
1024 1159 1251 1243 τρίτον
1276 1157 1416 1241 τῷν
1444 1154 2282 1243 δυοκαιτριακονταέδρων,

252 1262 393 1331 ἐπεὶ
447 1262 813 1351 περιέχεται
864 1260 1219 1349 τριγώνοις
1274 1286 1345 1327 τε
1397 1260 1464 1327 κ’
1519 1260 1632 1328 καὶ
1687 1259 2096 1347 δεκαγώνοις
2149 1286 2174 1326 ι
2184 1258 2282 1346 β,

254 1370 385 1449 ἕξει
432 1366 701 1454 στερεᾶς
746 1366 869 1453 μὲν
912 1372 1163 1451 γωνίας
1209 1364 1268 1446 ξ’-
1272 1416 1292 1452 ,
1340 1364 1632 1453 πλευρὰς
1677 1366 1754 1435 δὲ
1799 1366 1884 1438 Q'.

385 1472 465 1542 τὸ
513 1471 591 1540 δὲ
636 1469 1510 1561 ὀκτωκαιτριακοντάεὸρον,
1557 1472 1697 1541 ἐπεὶ
1741 1474 2110 1560 περιέχεται
2134 1496 2286 1560 -τρι-

254 1580 503 1667 γώνοις
554 1602 625 1647 τε
680 1576 797 1663 λβ’
838 1578 967 1647 καὶ
1020 1577 1464 1667 τετραγώνοις
1519 1579 1617 1664 ἐξ,
1674 1579 1803 1659 εξει
1848 1577 2118 1666 στερεᾶς
2162 1576 2286 1664 μὲν

256 1691 509 1774 γωνίας
552 1684 696 1771 κδ’,
740 1683 1031 1773 πλευρὰς
1078 1685 1154 1754 δὲ
1200 1685 1281 1767 ξ’.

388 1796 527 1861 τῶν
574 1790 651 1859 δὲ
695 1792 1474 1879 δυοκαιεξηκονταέὸρων
1518 1791 1593 1859 τὸ
1642 1818 1764 1877 μεν
1810 1758 2100 1881 πρωτον,
2148 1789 2287 1858 ἐπεὶ

256 1900 625 1988 περιέχεται
686 1896 1043 1985 τριγώνοις
1102 1922 1174 1965 τε
1236 1896 1303 1965 κ’
1369 1897 1482 1965 καὶ
1544 1897 1986 1984 τετραγώνοις
2048 1896 2114 1963 λ’
2175 1896 2289 1963 καὶ

257 2003 711 2091 πενταγώνοις
757 2030 781 2071 ι
791 2002 889 2090 β,
936 2004 1065 2085 ἕξει
1111 2003 1381 2093 στερεὰς
1425 2002 1550 2090 μὲν
1587 2009 1835 2090 γωνίας
1871 2003 1930 2085 ξ’
1934 2055 1954 2090 ,
1999 2002 2291 2091 πλευρας

261 2112 337 2181 δὲ
381 2110 518 2200 ρκ’.
590 2109 667 2178 τὸ
719 2109 796 2178 δὲ
841 2108 1080 2178 λοιπὸν
1124 2114 1262 2180 τών
1299 2110 2103 2200 δυοκαιεξηκονταέὸρων,
2150 2108 2290 2192 ἐπεὶ

259 2219 627 2307 περιέχεται
670 2214 1115 2305 τετραγώνοις
1156 2214 1224 2284 λ’
1268 2217 1383 2285 καὶ
1427 2215 1788 2304 ἑξαγώνοις
1829 2215 1897 2285 κ’
1941 2217 2056 2285 καὶ
2102 2220 2291 2285 δεκα-

260 2322 507 2411 γώνοις
536 2320 667 2408 ιβ’,
694 2322 823 2403 ἕξει
852 2314 1123 2412 στερεὰς
1150 2320 1275 2408 μὲν
1304 2326 1554 2407 γωνίας
1581 2320 1724 2410 ρκ’,
1747 2320 2042 2412 πλευρὰς
2070 2322 2147 2391 δὲ
2165 2322 2291 2412 ρπ’.

394 2428 469 2499 τὸ
518 2428 595 2497 δὲ
640 2426 1513 2516 ὃυοκαιενενηκοντάεὸρον,
1559 2429 1700 2498 ἐπεὶ
1744 2429 2112 2518 περιέχεται
2155 2454 2294 2517 τρι-

261 2535 508 2621 γώνοις
560 2560 630 2603 τε
684 2534 757 2603 π’
812 2536 925 2604 καὶ
978 2534 1434 2631 πενταγώνοις
1487 2534 1614 2621 ιβ’,
1669 2535 1800 2615 ἕξει
1853 2534 2125 2623 στερεὰς
2169 2534 2293 2621 μὲν

264 2646 513 2726 γωνίας
557 2640 642 2726 ξ’,
689 2639 981 2730 πλευρὰς
1026 2640 1102 2709 δὲ
1149 2638 1287 2730 ρν’.

397 2763 579 2829 Haec
624 2766 845 2829 omnia
892 2767 1032 2831 sine
1077 2766 1273 2831 dubio
1318 2767 1452 2832 iam
1498 2767 1637 2852 ipse
1682 2767 2108 2834 Archimedes
2154 2791 2300 2854 pro-

265 2875 589 2957 posuerat.
639 2872 753 2936 cfr.
787 2871 865 2936 de
891 2870 1001 2937 his
1026 2872 1354 3025 polyedris
1382 2871 1698 3001 Keppler:
1733 2874 2044 2941 Hal-mon.
2074 2875 2296 2941 mundi

265 3001 329 3064 p.
374 2979 479 3043 62.

404 3084 669 3151 Scholia
710 3017 1035 3179 Παὺὶοεωει
1078 3086 1149 3150 in
1194 3086 1495 3173 Pappum
1540 3077 1642 3152 ΠῘ
1684 3111 1750 3173 p.
1799 3080 2062 3175 11711)

354 3188 423 3255 α’
430 3241 444 3255 .
493 3184 861 3276 ὀκτάεδρον
898 3192 1029 3277 ἔχει
1066 3194 1360 3277 τρίγωνα
1398 3189 1490 3276 δ’,
1531 3190 1830 3277 ἑξάγωνα
1867 3189 1944 3258 δὲ
1981 3190 2072 3278 δ’,
2109 3197 2300 3259 πλευ-

494 3292 617 3383 ρὰς
654 3294 773 3382 ιη’,
809 3300 1058 3382 γωνίας
1096 3295 1172 3364 δὲ
1208 3294 1478 3386 στερεὰς
1517 3295 1635 3383 ιβ’,
1673 3284 1913 3385 ἑκάστω)
1954 3296 2032 3367 δὲ
2068 3294 2300 3386 στερεὰ

417 3512 469 3578 1)
506 3509 629 3565 Hoc
676 3507 952 3565 scholium
997 3508 1058 3563 in
1104 3508 1225 3565 cod.
1264 3506 1540 3566 vaticano
1579 3526 1756 3580 prauo
1795 3509 1986 3566 ordine
2025 3510 2299 3581 scriptum

2223 3114 2228 3121 ·
2326 3084 2369 3149 2
