2659 3967
1076 887 1281 946 Liber
1322 887 1414 946 11.

1216 1019 1271 1086 Ι.

362 1145 432 1212 Si
476 1145 701 1230 aliqua
737 1145 1134 1230 magnitudo
1173 1146 1459 1212 existens
1497 1145 1707 1212 leuior
1738 1146 2007 1214 humido
2045 1145 2264 1214 dimit-

221 1256 406 1318 tatur
450 1253 521 1318 in
565 1251 919 1336 humidum,
964 1251 1135 1318 hane
1178 1251 1452 1318 habebit
1486 1250 1976 1338 proportionem
2011 1254 2082 1320 in
2117 1265 2274 1344 gra-'

220 1359 432 1426 uitate
489 1358 572 1423 ad
623 1358 965 1424 humidum
1023 1359 1218 1424 molis
1266 1357 1558 1443 aequalis
1605 1359 1762 1443 sibi,
1816 1381 2008 1445 quam
2053 1359 2257 1440 habet
2295 1371 2330 1421 5

220 1465 521 1531 demersa
565 1464 951 1549 magnitudo
1002 1463 1083 1529 ad
1128 1467 1343 1530 totam
1388 1452 1921 1555 magnitudinem.

361 1572 741 1637 demittatur
815 1571 991 1636 enim
1063 1571 1134 1637 in
1194 1570 1534 1653 humidum
1598 1571 1818 1655 aliqua
1879 1575 2262 1660 magnitudo
2365 1573 2370 1578 ’

221 1678 453 1762 solida,
502 1698 668 1762 quae
718 1677 807 1741 sit
850 1676 1016 1762 FA,
1059 1677 1270 1743 leuior
1313 1676 1602 1743 humido.
1691 1677 1782 1742 sit
1826 1681 2044 1744 autem
2087 1681 2263 1766 quod

219 1787 483 1872 quidem
534 1784 903 1848 demersum
952 1783 1169 1868 ipsum
1204 1783 1289 1868 A,
1335 1783 1510 1868 quod
1551 1773 1776 1850 autom
1822 1787 2005 1850 extra
2048 1785 2261 1851 humi-

753 1915 758 1922 ·
870 1889 1024 1956 dum
1069 1889 1151 1956 F.
1224 1891 1816 1976 demonstrandum,
1861 1889 2034 1976 quod
2079 1913 2258 1982 mag·
2297 1902 2366 1952 ιο

204 2061 211 2066 ,
330 2014 386 2068 Β
717 2024 729 2032 ·
869 1995 1099 2062 nitudo
1126 1996 1265 2068 FA
1303 1997 1388 2063 ad
1422 1995 1758 2063 humidum
1797 1998 2084 2094 aequalis
2123 2021 2260 2065 mo·

292 2132 329 2138 -
580 2163 645 2218 F
867 2103 949 2168 lis
1005 2103 1078 2170 in
1135 2103 1466 2188 grauitate
1519 2103 1688 2169 hanc
1740 2101 1942 2168 habet
1992 2125 2261 2191 propor-

331 2226 377 2282 ο
866 2211 1133 2294 tionem,
1180 2232 1378 2294 quam
1421 2210 1488 2276 A
1524 2210 1606 2276 ad
1649 2209 1805 2276 FA.
1897 2211 2260 2296 accipiatur

870 2316 1041 2382 enim
1080 2316 1302 2401 aliqua
1335 2315 1606 2384 humida
1641 2316 2045 2404 magnitudo,
2091 2341 2258 2406 quae

870 2424 959 2488 sit
1002 2423 1147 2510 NI,
1201 2423 1394 2490 molis
1441 2423 1732 2524 aequalis
1778 2444 1924 2492 oum
1965 2423 2135 2508 ΕΑ,
2192 2429 2260 2492 et
2300 2435 2368 2486 15

867 2531 997 2618 ipsi
1059 2530 1318 2617 quidem
1371 2529 1445 2596 F
1499 2530 1590 2596 sit
1649 2530 1920 2614 aequale
1975 2530 2076 2613 N,
2133 2531 2262 2616 ipsi

872 2639 1089 2702 autem
1134 2636 1201 2701 A
1246 2636 1306 2702 Ι.
1390 2640 1458 2700 et
1521 2634 1732 2702 adhuc
1778 2635 2071 2719 grauitas
2119 2637 2259 2720 qui-

872 2740 1017 2807 dem
1073 2740 1543 2826 magnitudinis
1587 2739 1726 2808 FA
1770 2741 1860 2806 sit
1904 2739 2001 2825 Β,
2051 2741 2259 2826 ipsius
2335 2820 2343 2826 ἣ

868 2851 1087 2913 autem
1142 2846 1271 2913 NI
1324 2867 1492 2931 quas
1544 2844 1702 2930 Rc),
1765 2845 1972 2929 ipsius
2037 2850 2269 2914 autem

252 2935 263 3136 Ι
862 2953 909 3018 1
949 2951 1031 3020 R.
1118 2952 1503 3040 magnitudo
1560 2951 1766 3038 igitur
1795 2951 1948 3020 ΕΑ
2004 2952 2086 3020 ad
2131 2953 2265 3020 NI
2291 2964 2363 3015 20

861 3057 1033 3126 hano
1078 3059 1279 3126 habet
1319 3059 1832 3145 proportionem,
1877 3080 2074 3143 quam
2111 3079 2256 3146 gra-

861 3166 1034 3234 uitas
1068 3165 1141 3234 B
1188 3165 1269 3232 ad
1314 3164 1708 3251 grauitatem
1734 3161 1882 3232 Ro
1937 3165 2051 3232 sed
2098 3188 2255 3251 quo-

215 3275 394 3339 niam
450 3269 838 3358 magnitudo
887 3271 1026 3338 FA
1081 3273 1152 3339 in
1197 3271 1540 3338 humidum
1587 3270 1854 3337 dimissa
1899 3274 2001 3336 est
2044 3271 2256 3338 leuior

359 3487 408 3536 5.
447 3481 692 3564 molis]‚
696 3480 975 3551 ‚mobilis“
1014 3479 1299 3536 Tartalea.
1471 3487 1526 3538 8.
1565 3480 1734 3552 quae]
1777 3482 2017 3549 „quam“
2054 3481 2254 3537 Tarta-

214 3552 325 3618 lea‚
361 3551 428 3605 ut
464 3551 558 3607 lin
602 3557 685 3608 14.
830 3558 879 3606 9.
917 3552 1129 3624 ipsum]
1169 3550 1386 3622 ipsius?
