2659 3967
794 181 891 235 DE
928 180 1169 236 LINEIS
1208 181 1652 238 SPIRALIBUS.
1837 191 1846 199 ‘
2147 177 2231 244 91

202 329 296 393 sit
342 329 559 392 sector
603 331 669 390 A
676 327 814 390 ΘΚ
855 325 1011 392 dato
1059 327 1275 410 spatio
1318 327 1549 393 minor.
1629 326 2006 393 diuidantur
2039 325 2242 412 igitur

202 435 435 521 anguli
506 433 675 500 recti
743 437 1057 516 quattuor
1127 434 1199 498 in
1264 435 1540 518 angulos
1603 434 1664 499 ei
1727 432 2054 517 aequales,
2125 432 2242 516 qui

204 542 399 611 lineis
475 547 544 606 A
552 545 634 624 Θ,
690 542 828 605 ΘΚ
888 539 1484 625 comprehenditur,
1549 545 1624 606 et
1684 540 1897 606 lineae
1949 531 2238 624 'angulos

204 649 565 714 efficientes
628 668 833 731 usque
886 646 967 711 ad
1024 647 1331 730 spiralem
1380 647 1836 731 producantur.
1924 649 2241 730 punctum

206 754 433 840 igitur,
478 754 546 818 in
595 775 723 839 quo
768 753 942 818 linea
986 756 1122 819 ΘΚ
1166 754 1474 838 spiralem
1522 758 1718 838 secat,
1763 754 1852 818 sit
1897 757 1978 838 A,
2021 757 2092 818 et
2135 753 2242 818 de-

205 860 536 926 scribatur
581 861 891 941 circulus,
935 861 1118 926 cuius
1165 865 1460 926 centrum
1505 860 1597 926 sit
1637 865 1714 941 Θ,
1757 859 1975 924 radius
2023 863 2242 924 autem

206 971 357 1033 ΘΛ.
424 989 505 1040 ea
534 967 737 1053 igitur
771 989 927 1052 pars
964 967 1253 1033 ambitus
1290 967 1449 1052 eius,
1487 989 1652 1053 quae
1687 966 1760 1030 in
1794 964 2242 1051 praecedenti-

208 1075 333 1140 bus
382 1077 500 1156 est,
545 1073 725 1138 intra
758 1073 1065 1157 spiralem
1102 1073 1310 1156 cadet,
1355 1095 1520 1158 quae
1556 1074 1625 1138 in
1663 1072 2086 1158 sequentibus
2123 1076 2246 1154 est,

210 1184 415 1246 extra.
470 1179 873 1246 describatur
906 1180 1111 1266 igitur
1150 1181 1435 1245 ambitus
1471 1202 1677 1266 usque
1710 1202 1808 1264 e0‚
1845 1183 1919 1244 ut
1946 1182 2244 1245 occurrat

212 1290 277 1351 et
320 1287 534 1350 lineae
580 1289 712 1350 ΘΑ
755 1285 825 1350 in
869 1289 1105 1370 puncto
1148 1290 1205 1350 O
1250 1289 1317 1351 et
1359 1286 1570 1351 lineae
1616 1290 1770 1369 post
1804 1289 1942 1350 ΘΚ
1983 1285 2068 1350 ad
2115 1285 2244 1369 spi-

208 1394 418 1458 ralem
462 1394 719 1478 ductae,
766 1397 833 1458 et
879 1392 967 1457 sit
1016 1397 1177 1458 OM.
1268 1415 1493 1460 rursus
1539 1393 1742 1478 igitur
1788 1394 2128 1476 punctum,
2173 1392 2244 1456 in

210 1523 341 1584 quo
398 1501 575 1564 linea
619 1503 777 1564 ΘΜ
822 1500 1127 1584 spiralem
1182 1505 1387 1584 secat,
1444 1500 1532 1565 sit
1575 1503 1673 1583 N,
1730 1503 1796 1564 et
1841 1498 2244 1563 describatur

208 1607 512 1690 circulus,
550 1606 733 1671 cuius
772 1610 1067 1670 centrum
1101 1607 1193 1671 sit
1228 1610 1303 1690 Θ,
1340 1606 1560 1671 radius
1599 1608 1812 1669 autem
1848 1607 2004 1688 ΘΝ,
2039 1625 2244 1688 usque

210 1734 291 1777 eo
301 1762 319 1795 ‚
376 1717 449 1776 ut
495 1712 781 1778 ambitus
827 1713 1055 1777 circuli
1096 1713 1309 1778 lineae
1355 1715 1495 1778 ΘΚ
1537 1715 1604 1776 et
1647 1709 1856 1775 linea-e
1903 1712 2055 1794 post
2099 1714 2256 1774 ΘΜ

212 1819 297 1884 ad
352 1819 659 1904 spiralem
713 1819 942 1884 ductae
1000 1822 1311 1884 occurrat.
1403 1823 1470 1882 et
1525 1817 1749 1883 eodem
1804 1816 1997 1882 modo
2045 1815 2246 1880 etiam

210 1947 332 2010 per
384 1930 599 1992 cetera
654 1925 873 1992 omnia
927 1929 1197 2010 puncta,
1255 1927 1327 1990 in
1383 1925 1617 2009 quibus
1672 1925 1886 1989 lineae
1941 1922 2244 2006 aequales

214 2032 491 2117 angulos
532 2033 885 2098 efficientes
922 2033 1231 2117 spiralem
1268 2034 1510 2116 secant,
1547 2029 1774 2096 circuli
1803 2029 2250 2094 describantur

212 2161 491 2224 quorum
546 2143 839 2204 centrum
896 2140 983 2204 sit
1025 2143 1109 2223 Θ,
1163 2161 1370 2223 usque
1429 2160 1505 2203 eo
1550 2142 1626 2202 ut
1671 2137 1912 2220 singuli
1961 2137 2245 2202 ambitus

212 2251 284 2311 et
344 2246 757 2333 praecedenti
821 2246 1034 2311 lineae
1099 2248 1166 2311 et
1229 2245 1523 2329 sequenti
1577 2247 1936 2330 occurrant.
2025 2245 2247 2329 itaque

210 2353 457 2418 circum
524 2353 813 2440 spatium
876 2355 1212 2436 sumptum
1268 2352 1531 2436 [figura]
1600 2351 1916 2434 quaedam
1976 2351 2248 2416 circum-

213 2459 460 2543 scripta
519 2460 644 2524 erit
696 2463 763 2523 et
818 2459 952 2523 alia
1005 2458 1322 2544 inscripta
1377 2478 1456 2521 ex
1512 2456 1836 2522 similibus
1883 2457 2247 2528 sectoribus

214 2565 637 2649 compositae.
727 2564 1315 2629 demonstrabimus
1363 2565 1610 2646 autem,
1655 2563 1936 2648 figuram
1982 2562 2248 2628 circum-

212 2671 530 2754 scriptam
608 2672 911 2737 excedere
974 2671 1356 2754 inscriptam
1419 2669 1633 2754 spatio
1699 2669 1979 2752 minore,
2052 2690 2250 2752 quam

213 2779 316 2842 est
405 2777 628 2842 datum
721 2776 1024 2860 spatium.
1143 2778 1243 2840 est
1333 2776 1508 2839 enim
1597 2778 1738 2838 ΘΛ
1759 2776 1816 2836 Ο
1863 2801 1947 2825 =
1995 2777 2160 2838 ΘΜ
2168 2778 2252 2854 Λ,

212 2885 442 2948 ΘΝΠ
462 2913 546 2936 =
576 2885 801 2963 ΘΝΡ,
847 2884 1055 2945 ΘΧΣ
1080 2911 1164 2933 =
1192 2885 1330 2945 ΘΧ
1344 2884 1422 2961 Τ,
1469 2883 1536 2945 et
1583 2881 1946 2944 ceterorum
1992 2900 2250 2963 quoque

217 3035 337 3106 ἔστ’
378 3035 453 3095 ἄν
492 3041 536 3094 Β
572 3059 705 3110 mg„
744 3039 1039 3094 Torellius.
1186 3045 1269 3093 11.
1308 3031 1723 3111 ποτιπιπτοῦσᾳ
1761 3032 1908 3090 κατὰ
1944 3031 2010 3090 τὸ
2041 3040 2114 3091 Μ
2141 3037 2250 3092 Το-

214 3111 429 3167 rellius.
578 3117 662 3166 13.
703 3111 827 3164 ΘΝ
896 3111 1022 3164 ΘΝ
1051 3127 1219 3179 supra
1255 3107 1464 3178 scripto
1504 3111 1562 3162 K
1592 3125 1764 3161 manu
1804 3113 1863 3174 1,
1909 3108 1976 3161 ut
2009 3107 2250 3171 uidetur,

217 3180 285 3248 13¹3
326 3184 443 3238 ΘΚ
454 3185 516 3236 Η
548 3181 608 3238 C.
704 3188 788 3235 14.
858 3198 951 3235 στε
982 3181 1081 3251 κα]
1122 3180 1346 3248 scripsi3
1385 3197 1542 3234 εσται
1569 3191 1668 3233 και
1697 3181 2017 3248 (utrumque
2047 3178 2250 3247 comp.)

215 3252 287 3320 13¹3
327 3249 445 3308 ἐστ’
486 3248 559 3307 ἄν
597 3253 672 3321 Β,
710 3251 989 3308 Torellius
1026 3251 1147 3340 (qui
1182 3252 1345 3306 addit
1381 3252 1537 3320 ΘΚ).
1720 3255 1804 3306 15.
1841 3249 1914 3324 τᾷ
1955 3249 2099 3320 ΘΚ]
2140 3266 2251 3304 om.

215 3324 287 3390 F;
326 3339 465 3378 corr.
502 3325 565 3379 B.
744 3328 827 3379 16.
866 3315 1009 3377 καθ’
1051 3343 1089 3376 α
1128 3320 1426 3377 Torellius.
1600 3327 1686 3377 19.
1726 3315 1970 3380 ἕκαστας
2001 3319 2074 3386 F3
2113 3335 2254 3374 corr.

218 3394 515 3450 Torellius.
628 3391 1057 3466 προαγουμένᾳ]
1098 3393 1323 3460 scripsi3
1361 3410 1726 3463 προαγομενα
1761 3391 1826 3460 F,
1861 3391 2055 3458 uulgo.
2165 3393 2250 3442 20.

220 3463 490 3536 ἔσσείται]
529 3464 755 3536 scripoig
794 3482 951 3519 εσται
988 3481 1089 3534 per
1124 3481 1305 3534 comp.
1344 3464 1404 3530 F,
1442 3464 1632 3534 uulgo.
1750 3468 1836 3516 21.
1873 3478 2255 3530 περιγεγραμ-

218 3535 391 3608 μένον
428 3538 615 3608 σχῆμα
651 3535 943 3592 Toranius.
1088 3553 1340 3605 τομαιων
1376 3536 1438 3588 F.
