2659 3967
849 165 946 221 DE
983 165 1225 221 LINEIS
1265 165 1707 225 SPIRALIBUS.
2202 168 2289 233 71

243 310 381 379 hoc
437 312 614 379 enim
673 311 1189 379 demonstratum
1250 314 1352 376 est
1414 314 1627 397 [prop.
1690 313 1821 395 15].
1882 334 2109 399 ,quare
2170 313 2295 379 erit

241 420 372 485 ΙΛ
400 442 414 483 :
443 422 673 491 ΑΡ(
699 422 844 483 AX
863 441 879 481 ε
908 422 1076 500 ΑΔ;
1138 417 1316 502 quod
1372 417 1515 483 fieri
1577 440 1709 491 non
1771 422 2005 503 potest.
2108 421 2290 501 [nam

247 528 704 607 PA==AA‚
765 526 832 588 et
885 520 1381 611 IA>AX].¹)
1474 524 1743 609 adparet
1799 524 2029 612 igitur,
2092 546 2291 611 angu-

247 632 394 697 lum
421 635 426 639 ”
457 631 649 699 lineis
705 635 876 713 AA,
931 634 1064 697 AZ
1118 628 1659 721 comprehensum
1714 631 2018 700 obtusum
2069 628 2289 716 esse.²)

249 760 456 823 quare
501 738 790 825 reliquus
834 738 1112 823 angulus
1161 741 1388 804 acutus
1436 741 1555 806 est.
1626 738 1850 807 eadem-
1885 742 2104 808 autem
2142 760 2287 807 eue-

241 845 466 929 nient,
525 846 726 913 etiam
785 844 842 911 si
893 844 1068 912 linea
1121 843 1509 929 contingens
1564 845 1634 913 in
1688 844 1967 915 termino
2024 845 2287 927 spiralis

249 953 628 1037 contigerit.

993 1122 1539 1205 coRoLLARmM.

387 1234 638 1309 Eodem
685 1238 902 1301 autem
939 1234 1131 1301 modo
1170 1224 1779 1319 demonstrabimus,
1826 1232 2025 1300 etiam
2064 1234 2121 1299 si
2159 1235 2288 1319 spi·

247 1340 458 1406 ralem
519 1342 809 1426 qualibet
864 1342 1365 1408 circumactione
1414 1342 1804 1426 descriptam
1847 1341 2020 1406 linea
2066 1341 2287 1427 aliqua

252 1448 621 1534 contingat,
677 1447 877 1514 etiam
906 1448 990 1533 *si
1043 1447 1114 1511 in
1167 1448 1446 1514 termino
1495 1447 1660 1532 eius,
1718 1448 2092 1532 inaequales
2139 1470 2283 1513 eam

250 1555 531 1640 angulos
589 1556 961 1620 effecturam
1006 1576 1148 1619 esse
1195 1577 1342 1619 cum
1386 1554 1559 1619 linea
1605 1576 1643 1618 a
1686 1560 1927 1639 puncto
1973 1554 2283 1619 tactionis

249 1660 338 1725 ad
404 1661 798 1747 principium
866 1660 1126 1745 spiralis
1192 1660 1414 1745 dueta,
1478 1664 1545 1725 et
1597 1659 1908 1745 angulum
1971 1660 2040 1724 in
2102 1682 2289 1743 prae·

251 1767 630 1833 cedentibus
677 1768 967 1854 positum
1015 1767 1324 1833 obtusum
1370 1767 1537 1850 fore,
1584 1766 1694 1851 qui
1738 1765 1807 1829 in
1862 1766 2283 1849 sequentibus

248 1876 507 1959 positus
555 1875 659 1959 sit,
705 1870 1042 1961 acutum.⁵)

1139 2049 1385 2116 XVIII.

321 2205 328 2211 ·
385 2173 457 2240 Si
514 2175 819 2259 spira-lem
863 2175 1078 2260 prima
1122 2174 1620 2241 circumactione
1668 2174 2062 2260 descriptam
2106 2174 2283 2241 linea

243 2286 430 2347 recta
475 2282 829 2369 contigerit
872 2283 942 2347 in
977 2282 1257 2347 termino
1297 2281 1576 2369 spiralis,
1622 2284 1690 2347 et
1728 2303 1767 2346 a
1801 2284 2063 2368 puncto,
2108 2280 2282 2366 quod

245 2388 639 2475 principium
699 2392 798 2453 est
855 2388 1143 2473 spii-alis,
1202 2389 1377 2453 linea
1432 2388 1515 2453 ad
1566 2385 1956 2475 principium
2012 2389 2280 2454 eircum-

246 2495 528 2560 actionis
573 2494 1123 2580 perpendicularis
1155 2494 1362 2559 ‘ducta
1394 2494 1535 2581 erit,
1578 2494 1752 2558 linea
1785 2494 1937 2580 [ita]
1977 2494 2172 2559 ducta
2209 2496 2280 2561 in

245 2602 738 2688 contingentem
772 2603 1088 2685 incurret,
1134 2604 1201 2665 et
1243 2600 1420 2665 linea
1464 2600 1635 2664 inter
1681 2599 2167 2687 contingentem
2213 2605 2281 2665 et

247 2707 637 2793 principium
684 2708 944 2795 spiralis
989 2708 1210 2794 posita
1255 2706 1545 2791 aequalis
1582 2706 1707 2771 erit
1746 2706 2020 2773 ambitui
2056 2706 2278 2772 circuli

247 2833 464 2900 primi.
1205 2864 1210 2871 .

382 2922 474 2986 sit
527 2922 787 3005 spiralis
843 2924 1120 2987 ΑΒΓΔ
1129 2925 1213 3001 Θ,
1272 2924 1349 2987 et
1396 2923 1723 3005 punctum·
1766 2925 1829 2985 A
1882 2918 2278 3004 principium

399 3098 455 3169 1.)
490 3094 844 3167 Putauerim,
887 3096 1064 3151 uerba
1109 3098 1204 3151 ἴσοι
1249 3094 1357 3169 μέν
1392 3088 1491 3151 lin'.
1528 3101 1643 3151 4—-
1662 3095 1765 3161 τᾶς
1801 3099 1914 3154 AX
1939 3094 2039 3149 lin.
2078 3100 2121 3171 5.
2148 3094 2278 3151 sub-

243 3166 429 3226 ditiua
465 3182 603 3236 esse,
641 3184 769 3223 eum
805 3166 938 3237 quia
971 3166 1187 3223 formae
1221 3167 1486 3239 uulgares
1521 3164 1583 3222 in
1620 3166 1742 3223 eod.
1769 3166 1814 3222 F
1850 3166 1959 3221 hoc
1992 3165 2118 3222 loco
2146 3181 2279 3221 con-

244 3241 465 3311 sta-'nter
499 3238 744 3294 traditae
762 3241 935 3307 sunt,
961 3241 1106 3293 tum
1141 3238 1295 3307 quod
1329 3236 1693 3293 Archimedes
1706 3278 1719 3305 ‚
1757 3236 1809 3291 si
1844 3252 2073 3293 causam
2108 3236 2278 3307 plene

246 3308 470 3365 adferre
505 3309 794 3379 uoluisset,
829 3309 939 3365 hoe
963 3310 1088 3372 sine
1123 3310 1294 3368 dubio
1321 3320 1435 3371 non
1463 3310 1572 3379 hoe
1598 3308 1743 3377 loco,
1780 3308 1881 3365 sed
1906 3324 2074 3379 supra
2098 3326 2155 3378 p.
2186 3313 2279 3377 66,

247 3385 334 3449 14,
372 3377 470 3436 ubi
505 3379 648 3435 leuis
682 3382 904 3436 tantum
941 3379 1276 3451 significatio
1313 3376 1557 3451 additur,
1592 3378 1838 3435 fecisset.

389 3453 446 3521 2)
479 3451 629 3506 Nam
663 3468 736 3509 ne
769 3452 968 3507 acutus
1004 3452 1232 3521 quidem
1268 3454 1374 3516 est3
1415 3469 1472 3507 u.
1509 3470 1566 3522 p.
1603 3456 1672 3506 65
1710 3452 1827 3505 not.
1869 3457 1916 3506 1.

389 3525 446 3593 3)
485 3522 597 3579 Cfr.
633 3533 795 3593 propi.
836 3528 902 3578 15
940 3523 1314 3579 corollarium.
