2659 3967
864 153 1087 210 LIBER
1122 154 1694 231 ASSUMPTORUM.
2092 136 2102 143 “
2157 158 2292 225 435

258 298 333 362 in
363 296 490 363 OB
526 299 797 382 aequale
836 299 925 363 sit
960 300 1344 383 rectangulo
1371 298 1517 365 AB
1551 301 1623 365 in
1659 321 1843 365 suam
1881 300 2292 387 diametrum,

258 408 326 470 et
378 404 865 470 demonstratur
908 404 1057 469 inde
1104 405 1330 489 etiam,
1386 404 1560 490 quod
1606 406 1770 471 duae
1818 405 2120 473 diametri
2167 409 2289 472 cir-

257 510 547 575 culorum
600 508 839 589 EFG,
880 510 1045 575 LM
1042 510 1122 574 N
1170 511 1304 576 sint
1365 512 1685 595 aequales,
1777 533 1935 598 ergo
1995 513 2098 580 illi
2159 513 2286 579 duo

264 616 491 681 circuli
538 619 692 680 sunt
739 616 1067 699 aequales3
1116 618 1183 680 et
1226 616 1355 682 hoc
1401 622 1520 703 est,
1565 618 1740 704 quod
1778 616 2183 705 uoluimus.²)

1212 810 1323 876 VI.

392 932 461 997 Si
514 933 717 999 fuerit
770 933 1214 1000 semicirculus
1253 934 1490 1020 ABG,
1545 939 1610 1000 et
1666 937 1736 1001 in
1781 937 1916 1002 eius
1964 938 2279 1006 diametro

256 1042 551 1105 sumatur
592 1041 909 1123 punctum
955 1039 1043 1124 D,
1090 1043 1156 1106 et
1200 1040 1401 1107 fuerit
1435 1041 1581 1107 AD
1625 1042 1833 1126 ipsius
1870 1042 2006 1110 Do
2045 1048 2286 1129 sesqui-

256 1146 490 1230 altera,
536 1148 603 1209 et
647 1143 1099 1211 describantur
1139 1170 1331 1233 super
1359 1147 1522 1232 AD,
1547 1146 1684 1215 DC
1712 1149 1839 1214 duo
1881 1150 2287 1237 semicirculi,

255 1256 322 1317 et
379 1255 665 1337 ponatur
720 1252 996 1318 circulus
1040 1254 1186 1320 EF
1230 1255 1407 1321 inter
1459 1258 1592 1321 tres
1650 1256 2086 1323 semicirculos
2141 1242 2286 1323 tan-

254 1380 415 1445 gens
470 1380 607 1443 eos,
664 1362 731 1423 et
791 1359 1101 1424 educatur
1147 1360 1471 1426 diameter
1513 1361 1658 1426 EF
1695 1362 1765 1427 in
1809 1361 1924 1427 illo
1969 1364 2286 1447 parallelo.

252 1466 566 1532 diametro
622 1466 688 1530 A
707 1463 781 1550 0,
840 1466 1113 1551 reperiri
1173 1466 1364 1532 debet
1422 1468 1760 1552 proportio
1819 1468 2117 1534 diametri
2160 1470 2294 1537 AO

252 1572 333 1637 ad
379 1572 765 1642 diametrum
810 1568 1020 1657 EF.²)

384 1680 733 1765 iungamus
792 1679 964 1744 enim
1021 1677 1182 1744 duas
1228 1677 1438 1743 lineas
1483 1679 1650 1763 AE,
1696 1677 1838 1745 ΕΒ
1887 1684 1952 1743 et
1996 1678 2158 1745 duas
2203 1680 2281 1744 li·

248 1808 409 1850 neas
447 1784 586 1882 OF,
630 1784 787 1852 FB.
852 1787 1042 1851 erunt
1078 1783 1225 1869 OB,
1267 1784 1413 1850 AB
1458 1789 1699 1868 rectae,
1744 1785 1844 1850 uti
1889 1785 2133 1851 dictum
2181 1789 2282 1851 est

337 2382 347 2389 .

243 2795 315 2859 in
358 2794 571 2877 prima
615 2794 1083 2879 propositione.
1149 2792 1588 2858 describamus
1629 2791 1830 2856 etiam
1867 2792 2028 2859 duas
2065 2792 2271 2861 lineas

238 2899 469 2985 ΓΘΑ,
495 2898 725 2985 EHO,
756 2900 1259 2985 ostendeturque
1298 2920 1442 2963 esse
1481 2919 1735 2984 quoque
1773 2903 1988 2967 rectas
2021 2903 2109 2985 [p.
2137 2899 2271 2966 430

238 3011 377 3074 not.
428 3010 522 3091 1];
579 3006 879 3073 similiter
924 3007 1087 3073 duas
1133 3005 1338 3072 lineas
1383 3004 1556 3090 DE,
1602 3004 1766 3092 DF,
1815 3011 1881 3072 et
1923 3007 2270 3093 iungamus

240 3113 380 3198 DI,
415 3113 552 3179 DL
598 3117 665 3177 et
698 3112 869 3199 ΕΜ
905 3113 1057 3179 FN
1091 3116 1158 3177 et
1202 3112 1636 3199 producamus
1683 3134 1793 3178 eas
1844 3113 1924 3178 ad
1966 3113 2036 3199 Ο,
2071 3098 2172 3198 R'
2206 3117 2272 3177 et

386 3290 439 3359 1)
476 3288 649 3344 Plura
683 3287 755 3343 de
791 3288 984 3343 arbelo
1020 3288 1195 3343 habet
1227 3286 1350 3357 Pap
1389 3306 1455 3343 us
1492 3286 1588 3356 IV,
1628 3294 1693 3342 19
1731 3306 1786 3357 p.
1825 3292 1930 3342 208
1970 3302 2052 3355 sq.
2127 3287 2268 3341 duas

236 3378 341 3431 pro
384 3359 651 3415 ositiones
694 3359 804 3413 hoc
850 3359 976 3414 loco
1014 3358 1235 3415 addidit
1269 3361 1321 3413 A
1419 3358 1546 3428 uhi,
1591 3358 2024 3413 mathematicus
2059 3356 2270 3423 Arabs;

237 3450 292 3488 u.
378 3431 585 3487 orellus
662 3474 675 3487 .
715 3434 981 3499 393-95,
1018 3429 1185 3485 Nizze
1220 3448 1275 3499 p.
1314 3435 1439 3487 257.
1477 3454 1482 3461 ·
2089 3455 2094 3459 ·

382 3504 437 3573 2)
478 3501 589 3558 Ofr.
671 3516 851 3570 appus
885 3499 983 3571 IV,
1020 3506 1088 3556 26
1122 3518 1179 3571 p.
1217 3506 1324 3556 224
1355 3518 1432 3570 sq.

1831 3589 1943 3643 28*
