2659 3967
385 173 516 240 178
571 175 962 228 1:1me
994 177 1227 228 ῙΣΟΡΡ.
1261 177 1318 225 Η
1354 177 1639 226 ΚΕΝΤΡΑ
1674 174 1917 226 ΒΔΡΩΝ
1952 175 2161 227 Eum.
2196 170 2282 229 A'.

379 320 537 404 ἔχει,
583 315 752 405 ἥπερ
799 315 842 384 ἆ
878 321 1012 384 ΦΡ
1037 319 1189 386 ποτὶ
1215 324 1355 384 ΡΘ.
1420 315 1589 385 ὥστε
1632 316 1747 382 καὶ
1782 314 2077 384 διελόντι
2112 313 2195 382 τὰ
2232 321 2431 400 ΜΝ,

377 430 450 491 Κ
457 426 518 501 Ξ
521 476 541 510 ,
608 431 736 492 ΖΟ
799 423 1463 512 παραλληλόγραμμα
1523 423 1677 490 ποτὶ
1737 421 1820 490 τὰ
1882 420 2431 507 καταλειπόμενα

375 537 672 620 τρίγωνα
730 538 1002 618 μείζονα
1057 531 1265 616 λόγον
1321 535 1485 616 ἔχει,
1549 527 1717 617 ἤπερ
1780 525 1824 595 ἆ
1886 534 2016 596 ΦΘ
2068 528 2221 596 ποτὶ
2276 534 2433 595 ΘΡ.

375 639 706 723 γεγονέτω
753 630 882 706 οὖν
928 639 1003 705 ἐν
1045 640 1141 728 τῷ
1186 639 1324 704 τῶν
1370 633 2085 723 παραλληλογράμμων
2128 634 2286 702 ποτὶ
2332 631 2423 701 τὰ

307 764 344 814 5
379 748 675 830 τρίγωνα
734 742 912 832 λόγῳ
970 740 1014 808 ἆ
1059 749 1188 810 XO
1229 743 1384 810 ποτὶ
1430 748 1566 808 ΘΡ.
1648 742 1790 809 ἐπεὶ
1836 733 1966 809 οὖν
2011 743 2157 809 έστί
2194 766 2259 807 τι
2305 741 2431 826 με’-

377 858 586 935 γεθος
625 849 704 916 τὸ
747 854 967 934 ΑΒΓ,
1014 840 1100 917 οὗ
1143 846 1220 916 τὸ
1266 850 1548 936 κέντρον
1592 852 1717 916 τοῦ
1763 847 2013 936 βάρεος
2045 849 2184 915 ἐστι
2218 845 2298 914 τὰ
2336 854 2421 932 Θ,

376 955 492 1022 καὶ
546 953 886 1043 ἀφῃρῆται
940 952 1056 1021 ἀπ’
1117 951 1330 1022 αὐτοῦ
1387 956 1675 1041 μέγεθος
1726 952 1803 1023 τὸ
1851 959 2294 1039 συγκείμενον
2342 955 2430 1020 ἐκ

377 1065 516 1129 τῶν
552 1067 731 1146 ΜΝ,
776 1067 849 1128 Κ
853 1063 932 1146 Ξ,
979 1067 1107 1128 ΖΟ
1139 1063 1879 1149 παραλληλογράμμων,
1922 1065 2041 1126 καί
2072 1061 2255 1127 ἐστιν
2290 1062 2433 1125 τοῦ

380 1164 824 1254 ἀφῃρημένου
879 1168 1202 1260 μεγέθεος
1257 1168 1540 1254 κέντρον
1597 1171 1723 1234 τοῦ
1777 1165 2023 1253 βάρεος
2074 1162 2151 1232 τὸ
2198 1172 2262 1231 Ρ
2300 1183 2427 1231 σα-

275 1292 346 1342 10
382 1285 606 1359 μεῖον,
656 1277 782 1340 τοῦ
835 1271 971 1358 ἄρα
1024 1276 1266 1341 λοιποῦ
1322 1272 1643 1358 μεγέθεος
1684 1275 1809 1338 τοῦ
1856 1271 2299 1356 συγκειμένου
2344 1272 2431 1337 ἐκ

377 1382 516 1446 τῶν
588 1380 1152 1464 περιλειπομένων
1224 1377 1577 1466 τριγώνων
1636 1379 1920 1465 κέντρον
1982 1381 2107 1444 τοῦ
2170 1375 2431 1462 βαρεός

380 1486 563 1552 ἐστιν
618 1485 725 1552 ἐπὶ
777 1489 896 1565 τᾶς
938 1492 1059 1552 ΡΘ
1111 1483 1387 1562 εὐθείας
1441 1487 1879 1569 ἐκβληθείσας
1932 1481 2205 1563 εὐθείας
2249 1480 2429 1549 ἀπο-

378 1594 756 1676 λαφθείσας
811 1591 964 1658 ποτὶ
1022 1587 1146 1657 τὰν
1193 1596 1321 1657 ΘΡ
1370 1593 1614 1658 τοῦτον
1670 1589 1952 1677 ἐχούσας
2002 1587 2126 1656 τὸν
2180 1588 2428 1674 λόγον,

380 1692 464 1763 ὃν
512 1701 644 1784 ἔχει
687 1696 764 1764 τὸ
803 1694 1180 1785 ἀφαιρεθὲν
1218 1697 1505 1782 μέγεθος
1540 1696 1694 1764 ποτὶ
1728 1693 1805 1763 τὸ
1842 1696 2102 1764 λοιπόν.
2165 1693 2242 1763 τὸ
2280 1694 2427 1784 ἄρα

274 1823 343 1873 15
379 1807 451 1868 X
497 1815 775 1888 σαμεΐον
831 1805 1112 1888 κέντρον
1159 1801 1298 1869 ἐστὶ
1344 1806 1467 1869 τοῦ
1513 1801 1757 1890 βάρεος
1798 1805 1923 1869 τοῦ
1969 1802 2429 1887 συγκειμένου

376 1908 697 1993 μεγέθεος
733 1909 804 1975 ἐκ
837 1912 978 1976 τῶν
1013 1908 1607 1993 περιλειπομένων·
1673 1905 1836 1996 ὅπερ
1874 1905 2237 1975 ἀδύνατον.
2288 1911 2429 1988 ,τᾶς

375 2011 506 2102 γὰρ
562 2012 674 2081 διὰ
729 2017 854 2082 τοῦ
901 2020 971 2080 Χ
1015 2011 1287 2092 εὐθείας
1341 2012 1521 2100 παρὰ
1579 2013 1708 2081 τὰν
1753 2021 1897 2081 ΑΔ
1952 2011 2285 2100 ἀγομένας
2340 2015 2427 2081 ἐν

375 2123 468 2210 τῷ
516 2121 804 2210 ἐπιπέδῳ
852 2119 958 2188 ἐπὶ
1001 2116 1210 2187 ταύτὰ
1255 2118 1477 2187 πάντα
1523 2122 1668 2188 ἐντί
1673 2171 1693 2206 ,
1738 2119 2085 2188 τουτέστιν
2133 2121 2240 2188 ἐπὶ
2284 2119 2425 2188 θά-

376 2250 575 2313 τερον
620 2225 844 2314 μέρος.·
928 2228 1138 2311 δῆλον
1184 2217 1314 2294 οὖν
1358 2225 1435 2293 τὸ
1484 2223 1839 2314 προτεθέν.

269 2479 342 2529 20
1072 2475 1330 2527 ΑΛΛΩΣ
1366 2477 1463 2529 ΤΟ
1498 2477 1715 2530 ΑΤΤΟ.

510 2601 676 2664 ἔστω
722 2602 1054 2683 τρίγωνον
1098 2599 1177 2665 τὸ
1215 2604 1435 2685 ΑΒΓ,
1480 2598 1593 2665 καὶ
1639 2596 1834 2684 ἅχθω
1882 2594 1923 2664 ἆ
1963 2605 2106 2664 ΑΔ
2151 2598 2258 2666 ἐπὶ
2306 2601 2425 2684 μέ-

375 2722 505 2770 σαν
548 2700 675 2770 τὰν
721 2709 860 2771 ΒΓ.
935 2705 1127 2791 λέγω,
1175 2703 1278 2772 ὅτι
1325 2704 1431 2773 ἐπὶ
1476 2709 1593 2783 τᾶς
1631 2712 1771 2770 ΑΔ
1814 2701 1889 2772 τὸ
1936 2705 2217 2789 κέντρον
2265 2703 2418 2772 ἐστὶ

374 2814 500 2878 τοῦ
545 2808 792 2899 βάρεος
835 2816 958 2880 τοῦ
1004 2817 1212 2880 ΑΒΓ
1247 2810 1605 2898 τριγώνου.

510 2915 599 3003 μὴ
644 2916 797 3004 γάρ,
845 2914 991 2986 ἀλλ’
1043 2921 1106 2986 εἰ
1149 2916 1469 3002 δυνατόν,
1489 2985 1495 2990 ,
1516 2921 1681 2983 ἔστω
1726 2915 1803 3000 τὸ
1842 2923 1921 3001 Θ,
1964 2916 2077 2983 καὶ
2116 2913 2422 3004 ἐπεζεύχ-

269 3045 339 3096 25
377 3031 618 3090 θωσαν
668 3025 745 3090 αἳ
784 3047 856 3090 τε
900 3030 1061 3109 ΑΘ,
1108 3030 1263 3109 ΘΒ,
1311 3028 1443 3090 ΘΓ
1478 3022 1589 3090 καὶ
1638 3026 1715 3090 αἱ
1755 3029 1923 3108 ΕΔ,
1973 3029 2103 3089 ΖΕ
2145 3022 2253 3090 ἐπὶ
2300 3024 2419 3108 μέ-

524 3240 572 3288 1.
614 3232 756 3305 ἔχει]
795 3250 905 3290 om.
943 3233 1005 3288 F.
1177 3254 1319 3302 προς
1354 3251 1457 3304 per
1492 3251 1673 3303 comp.
1708 3235 1779 3300 F3
1818 3251 1954 3290 corr.
1994 3233 2299 3304 Torellius,
2342 3237 2429 3296 nb

375 3305 476 3361 lin.
514 3311 565 3370 2,
603 3311 654 3373 3,
691 3311 742 3374 4,
780 3310 830 3360 5.
984 3313 1034 3362 8.
1071 3309 1194 3374 KZ,
1232 3307 1348 3373 ΞΟ
1381 3304 1441 3361 F.
1605 3311 1687 3359 12.
1726 3307 1856 3376 ΡΘ]
1897 3308 2008 3360 ΕΘ
2042 3304 2166 3360 FV.
2315 3299 2417 3359 εὗ-

377 3378 571 3448 θείας]
611 3377 754 3446 (alt.)
791 3375 1011 3447 scripsi3
1050 3396 1148 3431 nae.
1184 3377 1245 3444 F,
1281 3377 1473 3446 uulgo.
1640 3382 1723 3431 13.
1762 3377 1926 3447 ποτί]
1965 3375 2276 3443 Turonium
2314 3394 2427 3430 επι

377 3446 452 3516 F,
496 3449 686 3519 uulgo.
870 3454 952 3502 17.
990 3445 1122 3519 τάν]
1163 3447 1495 3516 compendio
1545 3446 1815 3518 singulari
1851 3447 1911 3502 F.
2094 3453 2179 3503 18.
2216 3441 2421 3502 πάντα

379 3515 527 3590 ἐντί]
569 3515 814 3574 ἕσσείται
849 3515 1038 3574 πάντα
1075 3515 1145 3572 τὰ
1181 3516 1390 3587 κέντρα
1429 3520 1751 3588 (τρίγωναῗ)
1788 3517 2071 3575 EutociuS.

2589 0 2623 454 l
