2659 3967
400 902 582 996 Περὶ
616 905 758 973 τῶν
795 898 1010 973 ὕδατι
1044 900 1532 991 ἐφισταμένων
1558 892 1603 991 ἢ
1633 895 1963 989 περὶτῶν
1991 890 2437 987 ὀχουμένων.

1197 1054 1506 1133 Αῖτημα
1552 1044 1645 1113 α’.

526 1170 941 1241 Ὑποκείσθω
979 1170 1055 1242 τὸ
1086 1169 1300 1260 ὑγρὸν
1327 1169 1602 1240 τοιάνδε
1628 1166 1780 1239 τινὰ
1810 1167 2022 1257 φύσιν
2051 1171 2229 1254 ἔχον,
2268 1165 2445 1237 ὥστε

401 1284 539 1349 τῶν
585 1282 810 1368 μερῶν
848 1276 1059 1346 αὐτοῦ
1099 1279 1166 1359 ἐξ
1205 1286 1361 1347 ἴσου
1396 1278 1722 1364 κειμένων
1758 1276 1871 1344 καὶ
1906 1273 2243 1344 ὠθεῖσθαι
2283 1294 2449 1344 συν-

333 1401 366 1449 5
405 1389 579 1473 εχῶν
652 1383 872 1454 ὄντων
946 1385 1355 1454 ἐλαύνεσθαι
1425 1382 1503 1453 τὸ
1572 1375 1774 1471 ἧττον
1839 1380 2241 1468 ὠθούμενον
2304 1378 2444 1449 ὑπὸ

403 1496 526 1560 τοῦ
590 1496 849 1579 μᾶλλον
912 1490 1343 1579 ὠθουμένου·
1432 1490 1545 1558 καὶ
1608 1489 1883 1558 πάντων
1948 1485 2158 1556 αὐτοῦ
2216 1490 2446 1575 μερῶν

405 1595 741 1669 ὠθεῖσθαι
795 1596 929 1667 ὑπὸ
975 1602 1099 1666 τοῦ
1144 1595 1365 1686 ὑγροῦ
1405 1594 1724 1686 ὑπεράνω
1772 1592 1985 1664 αὐτοῦ
2032 1592 2231 1673 ὄντος
2274 1590 2447 1661 κατὰ

402 1706 719 1792 κάθετον,
768 1703 889 1774 ἐὰν
934 1702 1010 1773 τὸ
1055 1702 1271 1794 ὑγρὸν
1315 1696 1361 1794 ᾗ
1406 1708 1817 1789 καταβαῖνον
1864 1707 1939 1770 ἔν
1983 1726 2116 1769 τινι
2154 1700 2265 1767 καὶ
2300 1696 2443 1769 ὑπό

404 1839 591 1894 τινος
635 1813 866 1902 ἑτέρου
911 1810 1322 1897 πιεζόμενον.

307 2022 374 2071 10
1043 2004 1430 2095 Θεώρημα
1476 2008 1809 2093 πρῶτον.

535 2130 695 2199 Ἐὰν
751 2129 1106 2218 ἐπιφάνειά
1162 2155 1261 2209 τις
1317 2128 1604 2218 ἐπιπέδῳ
1658 2132 1884 2217 τμηθῇ
1945 2127 2059 2196 διά
2106 2152 2291 2207 τινος
2335 2124 2444 2195 ἀεὶ

410 2240 712 2323 σημείου,
739 2235 850 2303 καὶ
879 2233 920 2321 ἡ
957 2234 1151 2322 κοινὴ
1189 2233 1359 2321 τομὴ
1389 2232 1495 2302 ἀεὶ
1532 2235 1918 2324 περιφέρεια
1954 2225 1997 2323 ᾗ
2028 2239 2273 2322 ἔχουσα
2300 2233 2448 2301 κέν-

409 2367 573 2430 τρον
599 2339 676 2409 τὸ
705 2342 1196 2430 προειρημένον
1224 2354 1527 2428 σημεῖον,
1557 2346 1848 2431 σφαίρας
1876 2340 2056 2409 ἐστὶν
2077 2339 2453 2427 ἐπιφάνεια.

544 2447 895 2535 τετμήσθω
949 2446 1081 2535 γὰρ
1139 2446 1495 2534 ἐπιφάνεια
1548 2448 1833 2540 ἐπιπέδῳ
1882 2446 1995 2515 διὰ
2042 2451 2165 2515 τοῦ
2214 2446 2283 2515 α’
2332 2464 2450 2534 ση-

310 2570 374 2621 15
413 2560 628 2643 μείου,
671 2556 785 2624 καὶ
830 2552 937 2623 ἀεὶ
982 2551 1025 2641 ἡ
1071 2551 1266 2640 κοινὴ
1312 2551 1483 2642 τομὴ
1531 2558 1698 2623 ἔστω
1745 2553 2000 2623 κύκλου
2044 2554 2456 2643 περιφέρεια.

414 2664 608 2749 λέγω,
655 2660 760 2731 ὅτι
805 2667 1094 2752 σφαίρας
1141 2659 1496 2748 ἐπιφάνειά
1545 2664 1750 2748 ἐστιν,
1774 2652 1878 2748 -ἦς
1920 2661 2202 2749 κέντρον
2244 2659 2321 2730 τὸ
2360 2661 2453 2729 α’.

548 2773 611 2837 εἰ
660 2767 790 2857 γὰρ
845 2767 972 2857 μή,
1027 2772 1300 2835 ἔσονταί
1341 2793 1517 2848 τινες
1563 2765 1826 2836 εὐθεῖαι
1873 2764 2004 2835 ἀπὸ
2052 2770 2175 2835 τοῦ
2224 2766 2297 2835 α’
2346 2768 2453 2835 ἐπὶ

413 2873 540 2962 τὴν
587 2873 985 2962 ἐπιφάνειαν
1031 2872 1276 2942 ἄνισοι.
1353 2878 1651 2942 ἔστ’ωσαν
1698 2876 1773 2941 αἱ
1805 2872 1955 2959 αβ’,
2000 2872 2131 2959 αφ’.
2194 2871 2276 2941 τὰ
2317 2870 2453 2961 ἄρα

417 2979 510 3067 β’,
554 2980 626 3066 γ’
685 2992 924 3065 σημεῖα
980 2982 1054 3048 ἐν
1107 2984 1190 3069 τῇ
1249 2982 1622 3070 ἐπιφανείᾳ.
1713 2978 2066 3067 τετμήσθω
2122 2975 2165 3065 ἡ
2215 2978 2451 3065 ἐπιφά-

561 3174 684 3229 Hoc
716 3174 1096 3257 fragmentum
1125 3175 1304 3230 edidit
1329 3175 1395 3230 A
1427 3175 1567 3230 Mai.
1608 3174 1839 3231 Classici
1866 3176 2010 3230 auct.
2042 3174 2069 3227 I
2137 3180 2456 3244 .426-30,

419 3246 568 3302 unde
615 3245 856 3301 totidem
891 3244 1096 3301 litteris
1134 3247 1396 3317 repefiiui.
1469 3264 1603 3302 usus
1642 3250 1729 3303 eet
1762 3246 1978 3302 duobus
2016 3261 2081 3301 co
2126 3244 2301 3301 cibus
2341 3246 2454 3302 Ua-

419 3317 638 3387 ticanis,
676 3334 817 3388 quos
853 3315 1076 3386 signaui
1113 3334 1164 3387 a,
1201 3318 1256 3373 b.

569 3483 619 3533 5.
643 3472 1026 3567 ὠθούμενον
1037 3494 1144 3533 om.
1185 3494 1234 3532 a.
1350 3484 1399 3531 6.
1438 3473 1573 3539 τοὺς
1608 3478 1819 3547 μᾶλλον
1858 3470 2228 3559 ὠθουμένους
2265 3492 2300 3530 a
2334 3479 2394 3532 et
2422 3477 2460 3531 b

423 3565 593 3603 manu
625 3554 672 3603 1.
801 3500 862 3604 8μ
888 3540 952 3621 ἦ]
991 3538 1063 3619 ἦν
1101 3550 1154 3603 b.
1267 3554 1353 3608 14
1392 3545 1481 3620 α’]
1520 3548 1743 3619 πρῶτον
1780 3564 1839 3617 εις
1879 3548 1937 3602 et
1974 3546 2053 3603 sic
2091 3546 2265 3603 etiam
2290 3546 2460 3604 infra.
