2659 3967
813 180 912 235 DE
952 181 1195 237 LINEIS
1232 181 1680 241 SPIRALIBUS.
2125 188 2258 254 105

218 325 620 390 inscribatur
674 326 905 412 igitur,
958 330 1025 392 et
1079 331 1431 414 sectorum,
1485 351 1565 395 ex
1611 330 1844 415 quibus
1891 334 2256 418 composita

218 436 326 497 est
362 431 574 517 figura
608 433 941 520 inscripta,
977 434 1299 500 maximus
1337 435 1426 500 sit
1451 437 1652 522 ΘΡΞ,
1689 439 1998 506 minimus
2037 444 2256 506 autem

221 541 437 604 ΟΘΕ.
530 539 805 626 adparet
864 540 1098 627 igitur,
1158 542 1441 626 figuram
1503 543 1885 630 inscriptam
1940 546 2256 612 maiorem

216 666 363 710 esse
400 645 641 712 circulo
678 644 791 733 (2¹)
855 647 1297 732 producantur
1331 648 1538 734 igitur
1572 650 1784 718 lineae
1822 652 1904 718 ad
1940 657 2258 738 punctum

214 756 275 816 Θ
322 753 630 836 aequales
677 752 951 838 angulos
998 753 1357 819 efficientes
1403 777 1610 841 usque
1655 779 1732 823 eo
1751 809 1770 843 ‚
1825 762 1902 824 ut
1947 759 2030 824 ad
2075 758 2256 823 amb-

212 858 389 924 itum
438 859 664 925 circuli
708 859 1109 944 perueniant.
1180 882 1410 926 rursus
1445 861 1652 948 igitur
1687 864 1898 930 lineae
1937 864 2254 949 quaedam

211 968 377 1030 sunt
432 966 689 1051 aequali
744 965 955 1050 spatio
1010 965 1183 1031 inter
1240 989 1309 1032 se
1355 968 1763 1054 excedentes,
1823 991 1937 1036 eae
1983 971 2254 1054 scilicet,

210 1094 389 1156 quae
438 1093 477 1135 a
521 1076 763 1157 puncto
802 1075 860 1136 Θ
905 1072 987 1136 ad
1032 1072 1345 1158 spiralem
1390 1073 1622 1140 ductae
1669 1079 1822 1141 sunt
1871 1078 2081 1162 [prop.
2124 1078 2256 1162 12],

209 1201 499 1264 quarum
552 1177 839 1243 maxima
886 1181 987 1244 est
1032 1183 1190 1259 ΘΛ,
1238 1180 1509 1247 minima
1553 1185 1774 1247 autem
1819 1187 1974 1269 ΘΕ,
2019 1189 2086 1250 et
2130 1184 2252 1250 mi-

208 1285 403 1351 nima
452 1285 741 1352 excessui
786 1286 1075 1371 aequalis
1123 1289 1225 1352 est
1273 1289 1362 1372 [p.
1413 1288 1539 1352 103
1593 1293 1730 1354 not.
1771 1289 1858 1370 1].
1951 1293 2018 1356 et
2071 1313 2254 1375 prae·

206 1395 403 1458 terea
456 1391 621 1458 aliae
677 1413 933 1478 quoque
988 1393 1201 1458 lineae
1246 1397 1427 1478 sunt,
1481 1415 1646 1477 quae
1693 1416 1734 1458 a
1777 1399 2019 1479 puncto
2065 1399 2124 1462 Θ
2169 1397 2253 1462 ad

208 1500 541 1566 ambitum
587 1499 813 1564 circuli
858 1505 921 1564 A
932 1503 1075 1564 ZH
1078 1503 1125 1564 I
1166 1500 1397 1566 ductae
1445 1505 1616 1584 sunt,
1659 1522 1928 1566 numero
1973 1501 2106 1568 illis
2153 1525 2255 1569 ae-

208 1607 467 1692 quales,
503 1606 953 1692 magnitudine
992 1610 1211 1672 autem
1248 1606 1542 1692 singulae
1582 1607 1906 1674 maximae
1933 1609 2254 1694 aequales,

209 1718 281 1778 et
341 1713 415 1780 in
459 1713 763 1779 omnibus
808 1716 1095 1778 sectores
1138 1713 1386 1778 similes
1431 1713 1792 1779 constructi
1835 1707 2016 1797 sunt,
2070 1718 2138 1778 et
2181 1715 2254 1780 in

206 1820 319 1905 iis,
366 1841 531 1904 quae
576 1818 750 1886 inter
796 1841 865 1884 se
911 1822 978 1884 et
1021 1819 1344 1884 maximae
1391 1819 1690 1903 aequales
1727 1822 1899 1903 sunt,
1943 1823 2011 1884 et
2046 1819 2113 1884 in
2153 1820 2254 1900 iis,

210 1948 387 2012 quae
429 1927 689 2012 aequali
734 1926 949 2010 spatio
996 1927 1170 1991 inter
1206 1948 1275 1992 se
1312 1925 1646 1991 excedunt.
1721 1929 2005 1992 sectores
2049 1926 2254 2012 igitur

205 2034 281 2098 in
329 2032 525 2098 lineis
572 2032 897 2098 maximae
943 2032 1323 2117 aequalibus
1371 2032 1729 2099 constructi
1774 2032 2053 2099 maiores
2100 2037 2254 2100 sunt

209 2161 417 2226 quam
454 2139 659 2224 triplo
695 2139 974 2205 maiores
1012 2139 1375 2206 sectoribus
1411 2140 1483 2204 in
1517 2138 1708 2205 lineis
1745 2140 2000 2224 aequali
2033 2141 2250 2226 spatio

206 2247 392 2312 inter
456 2269 526 2312 se
572 2245 1028 2312 excedentibus
1076 2246 1468 2312 constructis
1513 2251 1775 2332 praeter
1821 2251 2136 2314 sectorem
2183 2248 2256 2314 in

206 2353 508 2420 maxima
580 2355 1043 2419 constructum.
1130 2353 1258 2418 hoo
1332 2352 1504 2418 enim
1569 2353 2085 2419 demonstratum
2149 2357 2254 2418 est

208 2464 429 2547 [prop.
491 2461 575 2525 10
640 2458 913 2539 coroll.].
1012 2458 1126 2523 sed
1192 2461 1480 2527 sectores
1541 2458 1614 2523 in
1675 2458 1863 2524 lineis
1928 2459 2250 2524 maximae

208 2565 597 2652 aequalibus
662 2563 1024 2630 constructi
1088 2564 1392 2649 aequales
1461 2565 1617 2630 sunt
1672 2563 1913 2629 circulo
1970 2570 2037 2628 A
2047 2568 2251 2650 ZHI,

210 2676 503 2738 sectores
560 2674 781 2736 autem
833 2670 904 2734 in
958 2669 1149 2736 lineis
1206 2669 1467 2753 aequali
1521 2669 1739 2754 spatio
1795 2669 1970 2735 inter
2024 2692 2092 2735 se
2143 2692 2250 2734 ex-

210 2777 595 2845 cedentibus
631 2775 991 2842 constructi
1025 2780 1286 2861 praeter
1324 2779 1644 2842 sectorem
1680 2776 1751 2840 in
1785 2776 2073 2841 maxima
2100 2798 2250 2842 con-

360 3027 413 3090 1)
453 3022 541 3078 Sit
584 3023 766 3092 figura
809 3021 1084 3092 inscripta
1127 3023 1179 3090 f,
1228 3019 1476 3091 spatium
1511 3019 1658 3076 illud
1696 3019 1778 3090 R·
1825 3021 1934 3076 erit
1968 3038 2038 3077 ex
2072 3023 2250 3094 hypo-

210 3093 553 3150 thesiR—
581 3093 886 3162 f<R-
917 3110 1037 3164 (12²
1064 3094 1272 3165 f>sp

215 3342 325 3380 om.
362 3325 435 3392 Ἐς
473 3341 611 3382 corr.
650 3324 715 3381 Β.
878 3331 929 3383 6.
966 3325 1119 3452 τῷ]ω
1111 3341 1219 3381 scri
1260 3325 1332 3391 εἰς
1369 3343 1433 3378 το
1471 3324 1534 3394 F,
1569 3325 1762 3394 uulgo.
1929 3331 1978 3379 7.
2018 3321 2112 3412 αἱ]
2151 3323 2250 3378 ad-

213 3396 357 3464 didi;
402 3413 511 3452 om.
549 3396 612 3464 F,
649 3397 824 3451 uulo
1123 3343 1332 3463 νῙῡξ
1290 3397 1484 3466 uulgo.
1632 3404 1716 3452 11.
1754 3391 1920 3452 ἄλλαι
1955 3415 2009 3449 τι
2011 3393 2108 3456 mie
2143 3393 2252 3449 Το-

212 3467 425 3523 rellius.
544 3438 667 3552 αἱ]
706 3484 741 3524 a
781 3467 927 3536 didi·
966 3402 1175 3534 oin-mil,
1212 3466 1408 3537 uulgo.
1546 3473 1632 3522 17.
1669 3462 2148 3536 ἄναγεγραφάται
2183 3465 2247 3522 Β.

212 3545 297 3596 29.
338 3533 481 3610 ἀπό]
518 3539 634 3596 ὕπο
670 3537 743 3606 Ἐς
783 3555 921 3596 corr.
962 3508 1258 3594 Torellius.
