2659 3967
916 392 1536 467 PRAEFATIO.

349 530 513 597 Cum
560 532 628 597 in
673 532 1004 597 uolumine
1049 532 1260 617 primo
1305 532 1497 617 satis,
1542 536 1618 597 ut
1662 532 1923 616 opinor,
1967 532 2045 596 de
2090 554 2241 598 con-

223 630 392 713 silio,
450 650 687 715 genere
743 629 1260 714 adiumentisque
1315 628 1512 695 huius
1559 628 1863 696 editionis
1907 629 2241 713 praefatus

220 729 368 813 sim,
424 728 576 795 huic
625 728 1021 812 praefationi
1065 727 1230 792 nihil
1273 726 1689 812 relinquitur,
1742 728 1872 793 nisi
1917 730 1991 791 ut
2036 748 2243 811 pauca

219 826 534 909 quaedam
580 825 685 890 uel
733 825 962 890 addam
1009 825 1115 890 uel
1160 824 1505 921 corrigam:

347 922 426 987 In
473 921 986 988 adnotatione
1030 921 1231 1007 igitur
1276 923 1557 989 critica
1602 922 1955 989 uoluminis
2002 921 2035 986 Ι
2079 923 2243 988 haec

216 1020 565 1104 addantur,
622 1020 700 1085 de
757 1020 991 1105 quibus
1045 1023 1274 1105 postea
1328 1020 1616 1105 demum,
1671 1042 1866 1104 quam
1910 1019 2245 1103 prodierat

213 1117 519 1182 uolumen
573 1117 762 1202 illud,
820 1118 904 1183 ab
948 1117 1285 1185 Henrico
1332 1117 1685 1204 Lebegue
1740 1118 1977 1183 certior
2030 1118 2241 1184 factus

215 1236 386 1279 sum:

213 1311 246 1376 Ι
288 1334 352 1397 Ρ.
445 1311 550 1397 56,
596 1314 679 1379 17
729 1315 928 1379 etiam
976 1314 1046 1379 in
1081 1314 1148 1379 A
1187 1317 1289 1379 est
1322 1314 1772 1399 περιφερείας;
1817 1334 2016 1398 quare
2054 1313 2241 1379 scrib.

728 1434 930 1497 „corn
974 1411 1072 1477 ed.
1117 1410 1373 1478 Basilf‘.

210 1505 244 1573 Ι
288 1530 350 1593 Ρ.
401 1508 548 1595 116,
636 1509 680 1575 2
723 1514 879 1596 post
938 1509 1074 1597 „ed.
1129 1508 1369 1577 Basil.“
1430 1508 1731 1596 ponenda
1785 1512 1927 1575 erat
1982 1508 2245 1575 stellula

729 1604 910 1695 (nam
956 1609 1070 1675 ubi
1117 1607 1376 1673 stellula
1417 1608 1668 1675 nomini
1714 1605 1983 1673 editoris
2028 1628 2243 1674 recen-

728 1706 918 1773 tioris
955 1704 1321 1790 adponitur,
1367 1704 1492 1772 hoc
1528 1704 1949 1791 significatur,
1990 1704 2241 1771 codices

727 1803 1058 1870 Parisinos
1107 1802 1317 1867 denuo
1364 1803 1696 1886 inspectos
1739 1824 1887 1867 cum
1925 1801 2061 1868 cod.
2098 1802 2243 1867 Flo-

727 1902 983 1967 rentino
1032 1898 1434 1986 congruere).

209 1996 242 2061 I
288 2021 378 2083 p.·
405 2000 549 2083 122,
642 2000 677 2065 7
725 2003 880 2084 post
922 1998 1204 2084 „uulgo“
1251 1998 1516 2063 stellula
1559 2000 1857 2081 ponatur.

219 2094 252 2159 I
297 2118 361 2179 p.
411 2097 556 2182 132,
609 2098 689 2162 13
735 2098 1030 2164 deleatur
1074 2118 1272 2182 „corn
1319 2095 1419 2161 ed.
1456 2093 1692 2161 Basil.“
1736 2117 1891 2160 nam
1928 2095 1999 2161 in
2036 2096 2241 2161 omni·

729 2195 848 2259 bus
895 2194 1076 2261 codd.
1121 2198 1223 2261 cst
1264 2190 1343 2261 τό
1392 2192 1693 2281 (excepto
1740 2192 2161 2277 Florentino).

211 2290 244 2355 I
290 2315 353 2376 p.
405 2292 553 2375 132,
603 2292 683 2357 18
729 2296 882 2375 post
915 2292 1053 2377 „ed.
1098 2291 1339 2357 Basil.“
1382 2294 1663 2376 ponatur
1708 2290 1987 2356 stellula.

213 2387 246 2452 Ι
291 2410 351 2473 p.
403 2389 552 2473 150,
643 2389 684 2453 3
729 2393 883 2474 post
927 2390 1060 2474 „ed.
1106 2389 1346 2455 Basil.“
1390 2391 1673 2473 ponatur
1718 2387 1999 2453 stellula.

211 2483 244 2549 Ι
288 2507 352 2569 Ρ.
405 2486 550 2569 190,
602 2486 681 2551 19
727 2508 847 2570 pro
891 2490 1095 2571 „corn
1141 2485 1236 2553 ed.
1282 2484 1522 2552 Basil.“
1568 2485 1893 2551 scribatur
1934 2506 2135 2570 „corn
2172 2486 2242 2551 B

729 2605 928 2649 manu
973 2582 1130 2650 2*“.

211 2679 244 2744 Ι
286 2703 350 2765 p.
397 2681 546 2765 216,
599 2682 676 2745 17
725 2680 862 2745 cod.
911 2679 967 2747 Ο
1005 2703 1270 2766 prorsus
1317 2681 1488 2746 idem
1532 2681 1763 2766 habet,
1819 2681 1991 2765 quod
2034 2681 2125 2767 Ἐς
2172 2682 2241 2747 in

725 2778 794 2845 B
830 2778 927 2844 ita
963 2777 1294 2845 scribitur:
1341 2772 1383 2861 ἡ
1422 2779 1519 2862 βὸ
1554 2774 1721 2863 πρὸς
1747 2779 1866 2863 dx·
1923 2773 2093 2844 ὥστε
2128 2777 2241 2843 καὶ

727 2871 818 2955 ὥς
869 2870 946 2943 τὸ
1003 2872 1133 2943 ἀπὸ
1187 2880 1276 2942 x)-
1331 2872 1501 2963 πρὸς
1544 2870 1723 2960 adv}
1771 2878 1867 2960 βδ
1910 2871 2078 2961 πρὸς
2124 2878 2239 2962 dx·

728 2969 898 3041 ὥστε
933 2972 1046 3039 καὶ
1083 2969 1173 3053 ὥς
1209 2971 1285 3041 τὸ
1336 2968 1468 3040 ἀπὸ
1516 2978 1604 3039 x).
1650 2976 1772 3039 cet.

210 3070 243 3135 I
290 3094 352 3157 p.
399 3073 548 3156 452,
597 3073 684 3137 20
729 3067 885 3137 οὔτε
939 3094 1086 3137 cum
1141 3072 1443 3138 omnibus
1490 3070 1668 3138 codd.
1716 3068 2036 3137 Parisinis
2081 3072 2237 3138 reci-

726 3169 1036 3254 piendum
1082 3171 1242 3239 erat.

81 3337 100 3345 ,
211 3269 615 3351 postremum
651 3287 906 3349 moneo,
943 3264 1149 3339 sicubi
1189 3267 1448 3352 signum
1476 3268 2014 3355 interrogationis
2045 3268 2239 3352 scrip·

211 3366 398 3428 turae
453 3363 588 3429 cod.
634 3363 994 3431 Florentini
1049 3362 1443 3448 adponatur,
1497 3364 1623 3431 hoc
1676 3387 1808 3431 non
1866 3365 2239 3451 significari,

209 3480 316 3523 me
375 3459 456 3525 dc
514 3461 859 3528 collatione
919 3484 1066 3527 mea
1123 3460 1447 3546 dubitare,
1512 3462 1623 3527 sed
1678 3462 1964 3529 codicem
2020 3462 2234 3546 ipsum

209 3557 386 3625 lectu
430 3556 764 3625 difficilem
811 3580 970 3644 esse,
1015 3559 1112 3625 ita
1155 3563 1231 3625 ut
1275 3578 1542 3645 prorsus
1581 3563 1759 3627 certo
1797 3559 2091 3646 dignosci
2124 3580 2235 3625 ne-
