2659 3967
1060 906 1451 977 Arenarius.

242 1145 251 1152 ,
375 1075 428 1141 Ι.
467 1073 647 1161 Sunt,
694 1077 807 1161 qui
844 1076 1239 1162 existiment,
1281 1099 1396 1142 rex
1433 1076 1614 1160 Gelo,
1657 1098 2003 1142 numerum
2039 1097 2272 1142 arenae
2315 1077 2349 1141 1

236 1183 573 1250 infinitum
619 1204 758 1248 esse
804 1183 1257 1268 magnitudine
1270 1181 1352 1270 1);
1407 1183 1552 1248 dico
1600 1187 1837 1266 autem,
1881 1204 2014 1249 non
2061 1182 2273 1250 solum

240 1291 409 1374 eine,
466 1311 632 1374 quae
691 1289 865 1354 circa
910 1287 1269 1373 Syracusas
1330 1293 1397 1354 et
1451 1289 1772 1374 reliquam
1818 1286 2106 1354 Siciliam
2155 1293 2273 1374 est,

242 1395 356 1460 sed
404 1396 603 1460 etiam
651 1415 814 1479 quae
860 1394 930 1460 in
978 1395 1271 1480 qualibet
1308 1395 1572 1480 regione
1611 1395 1752 1460 siue
1790 1395 1966 1460 culta
2003 1395 2140 1460 siue
2177 1396 2272 1461 in-

238 1502 437 1568 culta.
511 1500 625 1566 alii
672 1503 891 1566 autem
938 1501 1265 1566 infinitum
1311 1523 1460 1566 eum
1503 1523 1645 1566 esse
1681 1511 1816 1566 non
1854 1501 2273 1586 arbitrantur,

239 1607 496 1674 nullum
538 1628 695 1673 uero
732 1610 991 1673 tantum
1026 1606 1434 1672 nominatum
1474 1628 1634 1690 esse,
1677 1611 1753 1672 ut
1789 1606 2272 1672 multitudinem

241 1714 377 1778 eius
426 1715 705 1798 superet.
778 1712 951 1798 quod
996 1713 1109 1798 qui
1152 1715 1388 1805 putent
1433 1711 1723 1797 adparet,
1770 1713 1826 1777 si
1874 1712 2142 1797 globum
2192 1733 2270 1776 ex
2307 1714 2350 1778 2

240 1839 441 1884 arena
501 1817 843 1884 collectum
903 1840 1043 1884 esse
1096 1819 1379 1904 fingant,
1439 1822 1654 1884 cetera
1709 1822 1987 1903 quantus
2035 1818 2270 1903 globus

238 1928 452 1989 terrae
499 1924 601 2006 sit,
648 1925 923 2008 expletis
962 1929 1183 1991 autem
1220 1929 1287 1990 et
1322 1925 1612 1991 maribus
1651 1924 1952 1991 omnibus
1991 1926 2056 1989 et
2091 1925 2269 1990 cauis

236 2033 450 2094 terrae
498 2029 659 2096 locis
708 2029 791 2095 ad
836 2031 1247 2098 altitudinem
1296 2036 1678 2116 aequantem
1724 2034 1981 2097 montes
2029 2030 2270 2096 altissi—

238 2157 414 2220 mos,
477 2135 688 2200 multo
751 2137 965 2202 minus
1030 2159 1141 2204 eos
1205 2138 1654 2204 intellecturos
1717 2159 1887 2223 esse,
1946 2137 2273 2203 nominari

236 2262 431 2326 posse
487 2263 829 2308 numerum
881 2242 1371 2310 multitudinem
1429 2245 1566 2310 eius
1625 2248 2056 2329 superantem.
2146 2266 2270 2330 ego
2307 2244 2349 2310 3

210 2337 394 2413 'uero
439 2347 565 2413 tibi
607 2347 1055 2414 demonstrare
1091 2350 1378 2415 conabor
1414 2349 2080 2416 demonstrationibus
2117 2372 2270 2436 geo-

238 2453 549 2539 metriciS,
594 2476 755 2539 quas
802 2455 1202 2541 cogitatione
1239 2455 1507 2540 adsequi
1541 2457 1807 2541 poteris,
1848 2478 2270 2523 numerorum

239 2582 280 2624 a
325 2560 515 2625 nobis
551 2561 1034 2627 nominatorum
1073 2566 1141 2627 et
1175 2561 1246 2626 in
1279 2562 1472 2646 libro,
1520 2584 1711 2647 quem
1749 2563 1833 2627 ad
1867 2561 2270 2649 Zeuxippum

236 2667 533 2731 misimus
551 2717 569 2750 ,
614 2668 1101 2751 propositorum
1156 2666 1474 2753 quosdam
1530 2689 1832 2751 superare
1888 2691 2020 2734 non
2074 2669 2269 2737 modo

385 2877 437 2945 1)
474 2875 597 2932 Hoc
640 2877 841 2932 tritum
887 2875 1245 2946 prouerbium
1293 2879 1418 2932 erat
1458 2876 1710 2943 Graecis3
1756 2874 2029 2932 Pindarus
2075 2878 2161 2933 01.
2199 2879 2270 2948 ΙΙ,

237 2950 335 3015 983
376 2947 750 3018 Paroemiogr.
791 2947 882 3003 Gr.
920 2967 977 3019 p.
1020 2953 1103 3018 11,
1144 2953 1264 3015 167,
1302 2952 1410 3003 250
1447 2947 1532 3002 ed.
1573 2946 1849 3003 Gaisford.

234 3124 328 3196 δέ]
369 3125 649 3193 Gertzius3
692 3142 800 3184 om.
828 3127 901 3197 F,
939 3127 1129 3196 uulgo.
1306 3132 1391 3182 13.
1430 3123 1534 3198 εἰς]
1574 3124 1794 3212 addidi3
1834 3143 1941 3182 om.
1978 3127 2040 3195 F,
2077 3127 2266 3212 qugO.

234 3200 627 3265 vapula-tatone
662 3197 783 3251 FV.
944 3204 1027 3255 14.
1066 3217 1144 3266 ωρ
1148 3215 1260 3252 εων
1293 3195 1446 3252 ΡΟ..
1555 3192 1632 3268 μὴ
1668 3168 2004 3269 γνωσόνται]
2046 3199 2267 3286 scripsi3

234 3285 570 3354 μηγουσιντε
618 3269 697 3337 (w
743 3285 845 3338 per
891 3269 1094 3338 comp.)
1114 3217 1211 3337 οἳ,
1258 3267 1446 3338 uulgo.
1627 3266 1847 3339 μηδένα
1895 3289 1969 3323 κα
2007 3243 2270 3340 ῥηθημεν

234 3331 512 3410 ἀριθμόν]
551 3338 780 3408 scripsi,
828 3341 1009 3409 μηδεν
1047 3358 1162 3393 ακα
1198 3359 1233 3406 η
1272 3357 1513 3410 εμμεναι
1549 3338 1619 3407 F,
1657 3340 1850 3410 uulgo.
2034 3346 2116 3395 16.
2155 3360 2186 3394 τ

233 3427 335 3463 του
383 3411 609 3480 (comp.)
656 3409 728 3475 F,
786 3426 927 3466 corr.
974 3411 1177 3464 Hultsc
1218 3409 1331 3478 ius,
1379 3408 1652 3466 Ger-taius.
1815 3410 2168 3476 αποδειξεων
2188 3342 2268 3481 οἳ]

232 3479 424 3548 uulgo,
543 3486 627 3536 18.
664 3498 989 3552 κατονομασ
1032 3499 1177 3536 evum
1215 3481 1285 3549 F,
1323 3497 1462 3536 corr.
1496 3479 1681 3535 VAB.
1794 3483 2102 3552 ενδεδομεν
2141 3499 2269 3538 cum

234 3567 416 3620 c.omp
456 3569 523 3606 ov
559 3550 687 3620 ΕΟ,
726 3548 969 3624 §udedan
1001 3570 1117 3607 νων
1152 3523 2065 3624 ΨαίΒε.19.υκερβαλκωντι
2098 3551 2159 3610 F.

1840 3641 1947 3697 16*
