2659 3967
706 187 1209 254 QUADRATURA
1246 187 1703 246 PARABOLAE.
2091 191 2222 257 331

184 332 512 416 trianguli
549 337 769 399 ΒΔΓ.
842 333 984 399 dico
1023 334 1239 418 igitur,
1278 338 1686 419 segmentum
1722 338 1924 400 ΒΘΓ
1955 302 2224 420 αεᾷιιελο

182 461 332 504 csse
379 439 592 522 spatio
641 444 712 505 Z.

322 566 476 609 nam
522 544 579 610 si
626 545 893 630 aequale
938 567 1071 610 non
1119 549 1235 626 est,
1283 549 1397 611 aut
1443 553 1650 612 maius
1698 551 1800 612 est
1838 550 1952 611 aut
1987 547 2222 612 minus,

182 651 375 736 prius
423 651 645 736 igitur,
694 651 750 716 si
784 651 928 716 fieri
963 655 1199 737 potest,
1246 652 1456 716 maius
1495 652 1601 716 sit.
1669 675 1966 718 excessus
2003 653 2224 738 igitur,

1308 780 1440 842 quo
1523 763 1935 845 segmentum
2017 763 2073 824 Β
2091 762 2222 824 ΓΘ

1181 924 1186 931 „
1310 865 1600 948 spatium
1652 869 1708 929 Z
1763 865 2038 948 excedit,
2093 864 2222 929 sibi

1308 971 1453 1053 ipse
1515 970 1772 1034 additus
1828 970 2037 1035 maior
2095 970 2221 1035 erit

1309 1075 1644 1160 triangulo
1688 1080 1747 1141 Β
1758 1079 1884 1140 ΓΔ
1935 1079 2022 1160 [p.
2071 1075 2222 1159 296,

1306 1181 1399 1261 9].
1499 1185 1564 1245 et
1627 1181 1769 1246 fieri
1831 1187 2079 1266 potest,
2147 1185 2221 1246 ut

1309 1290 1606 1352 sumatur
1643 1289 1927 1370 spatium
1957 1288 2222 1372 aliquod

1308 1413 1574 1456 excessu
1601 1393 1834 1477 minut,
1862 1395 2037 1479 quod
2063 1415 2218 1479 pars

1308 1497 1399 1560 sit
1451 1497 1762 1582 trianguli
1816 1503 2034 1564 ΒΔΓ.
2128 1501 2220 1565 sit

1304 1601 1510 1686 igitur
1535 1603 1902 1688 triangulus
1929 1607 2129 1669 ΒΓΕ
2155 1609 2220 1669 et

1308 1729 1574 1772 excessu
1661 1710 1778 1774 illo
1860 1710 2070 1774 minor
2153 1712 2220 1775 et

1306 1835 1462 1896 pars
1489 1815 1802 1900 trianguli
1832 1819 1967 1880 ΒΔ
1977 1819 2050 1881 Γ.
2116 1837 2219 1880 ea·

1307 1917 1454 1983 dem
1519 1923 1738 1986 autem
1796 1945 1950 2006 pars
2006 1922 2217 1988 lineae

1305 2028 1444 2088 BA
1479 2025 1606 2090 erit
1640 2028 1811 2092 linea
1846 2033 1981 2093 ΒΕ
2007 2025 2217 2108 [Eucl.

1304 2128 1452 2214 VII,
1493 2133 1578 2213 1].
1652 2133 1980 2199 diuidatur
2016 2135 2219 2219 igitur

1306 2235 1482 2302 linea
1522 2242 1579 2302 Β
1594 2243 1660 2302 A
1705 2239 1774 2304 in
1817 2244 2038 2325 partes
2087 2243 2217 2322 [ae-

1304 2343 1527 2425 quales
1600 2344 1810 2412 lineae
1881 2348 2040 2426 ΒΕ]
2057 2396 2075 2429 ,
2149 2349 2216 2411 et

1302 2453 1548 2532 puncta
1568 2450 1958 2516 diuisionum
1981 2453 2215 2535 sintH,

185 2557 245 2635 I,
271 2557 355 2618 K.
420 2559 488 2618 ct
524 2577 564 2618 a
598 2555 855 2638 punctis
883 2558 971 2638 H,
997 2558 1057 2633 I,
1084 2558 1153 2619 K
1189 2555 1270 2618 ad
1306 2560 1620 2639 punctum
1647 2559 1712 2621 Γ
1740 2559 1949 2621 lineae
1989 2557 2223 2621 ducan-

187 2663 316 2724 tur.
388 2665 610 2724 secant
653 2661 856 2746 igitur
904 2661 1257 2726 sectionem
1306 2663 1472 2745 coni,
1519 2662 1824 2746 quoniam
1871 2662 2048 2727 linea
2093 2664 2218 2726 ΓΛ

190 2785 334 2828 eam
392 2765 460 2828 in
514 2769 757 2849 puncto
804 2768 869 2830 Γ
906 2766 1251 2852 contingit.
1345 2769 1411 2831 et
1455 2788 1572 2851 per
1627 2771 1894 2850 puncta,
1949 2766 2023 2830 in
2077 2769 2217 2852 qui-

187 2869 310 2934 bus
354 2869 566 2935 lineae
610 2870 762 2936 illae
809 2872 1163 2937 sectionem
1210 2874 1448 2950 secant,
1498 2871 1815 2938 diametro
1864 2873 2215 2956 parallelae

190 2974 505 3041 ducantur
562 2976 771 3040 lineae
831 2980 1015 3060 ΜΦ,
1070 2979 1228 3059 NP,
1284 2975 1433 3060 ΞΘ,
1488 2980 1645 3042 ΠΟ.
1734 2978 1958 3063 itaque
2019 2979 2216 3044 etiam

190 3082 397 3148 lineae
442 3087 584 3148 BA
627 3083 985 3166 parallelae
1033 3085 1239 3148 erunt.
1330 3084 1464 3148 iam
1511 3084 1819 3169 quoniam
1866 3088 1966 3150 est

836 3191 1037 3253 ΒΓΕ
1062 3197 1133 3262 <
1156 3191 1360 3254 ΒΘΓ
1375 3207 1448 3255 -;-·
1477 3194 1558 3273 Ζ,

192 3293 469 3379 adparet,
500 3316 641 3359 esse
670 3296 1037 3375 z÷BPE
1052 3304 1121 3368 <
1139 3297 1349 3359 ΒΘΓ.
1409 3295 1742 3381 triangulo
1772 3298 1974 3361 ΒΓΕ
1998 3299 2212 3360 autem

193 3400 481 3484 aequalia
528 3404 679 3466 sunt
724 3400 1031 3484 trapezia,
1076 3422 1193 3485 per
1239 3422 1401 3485 quae
1439 3401 1587 3465 coni
1625 3400 1829 3465 sectio
1867 3399 2061 3464 ducta
2097 3405 2215 3486 cst,

192 3507 361 3589 ME,
421 3510 584 3590 ΦΛ,
629 3509 776 3592 ΘΡ,
821 3509 951 3571 ΘΟ
986 3527 1149 3588 ‘cum
1193 3505 1526 3591 triangulo
1572 3508 1791 3570 ΓΟΣ.
1881 3528 2036 3572 nam
2081 3509 2214 3573 tra-
