2659 3967
450 189 587 253 444
1046 188 1269 244 LIBER
1306 186 1872 244 ASSUMPTORUM.

453 357 600 400 rum
646 334 949 399 diametri
994 338 1147 399 sunt
1193 332 1346 419 ΘΓ,
1387 331 1530 398 ΑΟ.
1621 332 1734 397 sed
1779 331 2076 417 circulus,
2121 334 2306 399 cuius
2353 334 2480 399 dia-

452 445 661 508 meter
704 439 851 525 AG,
897 444 997 506 est
1016 426 1021 431 ⁸
1040 440 1330 525 aequalis
1377 438 1629 505 duobus
1677 439 2095 505 semicirculis
2132 437 2277 524 AG,
2319 440 2482 506 BD.

454 569 613 635 ergo
660 546 718 613 si
766 547 1137 613 auferamus
1174 568 1254 611 ex
1286 546 1422 612 illis
1459 547 1623 612 duos
1659 546 2098 613 semicirculos
2135 545 2281 631 AG,
2318 547 2483 631 BD,

452 655 567 740 'qui
604 657 759 720 sunt
788 674 1179 737 communes,
1205 657 1500 718 remanet
1525 652 1740 738 figura
1765 657 2074 718 contenta
2100 676 2141 719 a
2168 657 2484 738 quattuor

456 760 877 827 semicirculis
920 759 1092 844 AB,
1138 757 1293 844 OD,
1337 757 1510 842 DB,
1554 757 1686 826 AO
1732 758 1930 845 (quae
1985 781 2064 825 ea
2107 764 2232 844 est,
2285 783 2484 845 quam

458 872 650 934 uocat
684 865 1105 949 Archimedes
1144 864 1442 952 Salinon)
1487 866 1782 951 aequalis
1823 867 2084 951 circulo,
2129 867 2310 931 cuius
2347 867 2482 931 dia-

457 976 665 1038 meter
711 975 813 1037 est
856 971 1013 1039 FG.
1104 975 1171 1037 et
1213 972 1342 1038 hoc
1386 975 1509 1055 est,
1552 972 1727 1057 quod
1771 972 2117 1037 uoluimus.

1394 1218 1539 1285 XV.

592 1359 662 1426 Si
714 1360 915 1426 fuerit
958 1360 1026 1426 A
1041 1360 1111 1425 B
1156 1360 1628 1445 semicirculus,
1682 1365 1749 1425 et
1792 1358 1926 1429 AG
1971 1361 2212 1428 chorda
2256 1368 2482 1447 penta·

420 1468 639 1553 ⁸goni,
686 1471 753 1533 et
797 1466 1086 1532 semissis
1133 1489 1319 1532 arcus
1365 1463 1499 1533 AG
1538 1466 1625 1531 sit
1669 1465 1840 1549 AD,
1884 1467 2195 1553 iungatur
2243 1467 2372 1535 OD
2415 1473 2483 1533 et

452 1574 871 1659 producatur,
912 1576 987 1639 ut
1032 1572 1223 1638 cadat
1268 1594 1462 1658 super
1503 1572 1597 1656 E,
1644 1577 1711 1637 et
1753 1574 2061 1659 iungatur
2104 1574 2268 1659 DB,
2313 1597 2478 1659 quae

454 1682 631 1745 secet
677 1677 802 1745 CA
845 1680 915 1743 in
967 1679 1049 1762 F,
1095 1682 1162 1743 et
1205 1678 1480 1744 ducatur
1524 1700 1604 1743 ex
1642 1679 1715 1744 F
1747 1680 2302 1764 perpendicularis
2345 1680 2478 1747 FG

456 1807 649 1871 super
673 1785 819 1850 AB
828 1808 843 1847 ε
883 1784 1009 1849 erit
1043 1785 1216 1849 linea
1241 1783 1382 1850 EG
1410 1784 1700 1867 aequalis
1730 1785 2212 1851 semidiametro
2241 1788 2482 1854 circuli,

586 1893 931 1977 iungamus
977 1892 1197 1977 itaque
1241 1891 1483 1957 lineam
1521 1888 1667 1975 OB,
1713 1895 1780 1957 et
1825 1891 1915 1955 sit
1951 1896 2244 1958 centrum
2280 1894 2374 1976 H,
2413 1898 2480 1957 et

452 1999 801 2082 iungamus
848 1994 1027 2080 HD,
1072 1996 1218 2064 DG
1261 2000 1327 2061 et
1371 1996 1534 2063 AD.
1626 2000 1692 2061 et
1737 1997 1890 2082 quia
1935 2000 2213 2084 angulus
2258 1997 2482 2082 ABG,

744 2212 2142 2738 4·

754 2740 843 2797 Ζ
1025 2743 1121 2803 ,Δ
1268 2744 1329 2815 ᾧ
1560 2746 1672 2804 Π
2081 2744 2166 2801 B

454 2884 633 2950 cuius
678 2884 857 2951 basis
904 2890 1005 2951 est
1045 2887 1220 2951 latus
1267 2885 1645 2969 pentagoni,
1691 2887 1792 2949 est
1829 2883 1993 2949 duae
2031 2883 2299 2968 quintae
2334 2905 2482 2967 par-

453 2994 554 3055 tes
597 2992 757 3056 recti
804 2991 1011 3072 [Eucl.
1054 2990 1187 3075 III,
1232 2990 1377 3075 20]‚
1433 2990 1709 3075 quilibet
1763 2990 2036 3056 duorum
2091 2988 2479 3075 angulorum

456 3094 677 3182 CBD,
712 3095 936 3162 DBA
981 3101 1082 3162 est
1128 3097 1357 3182 quinta
1398 3118 1553 3180 pars
1591 3096 1772 3162 recti.
1837 3099 1904 3161 et
1940 3097 2218 3181 angulus
2255 3094 2480 3160 DHA

454 3204 691 3288 duplus
738 3206 839 3269 est
885 3203 1110 3289 anguli
1156 3202 1396 3268 DBH
1423 3199 1633 3284 [Eucl.
1659 3200 1780 3288 m,
1807 3202 1950 3287 2o];
1999 3222 2153 3286 ergo
2200 3202 2479 3286 angulus

452 3310 616 3378 ΒΗ
620 3311 688 3375 A
731 3314 833 3375 est
877 3310 1041 3375 duae
1088 3309 1358 3393 quintae
1401 3312 1620 3393 partes
1665 3308 1860 3374 recti.-
1919 3313 1986 3373 et
2031 3308 2182 3393 quia
2217 3307 2289 3373 in
2325 3305 2476 3372 duo-

450 3419 573 3483 bus
617 3416 963 3501 triangulis
990 3414 1206 3501 GBF,
1245 3414 1388 3481 GR
1393 3415 1466 3480 F
1503 3416 1627 3481 duo
1675 3415 1897 3501 anguli
1932 3414 2002 3480 B
2047 3419 2200 3480 sunt
2247 3436 2476 3499 aequa·

449 3523 577 3607 les,
632 3526 699 3587 et
745 3521 834 3605 G,
878 3520 936 3586 0
971 3520 1161 3606 recti,
1216 3524 1285 3585 et
1337 3522 1509 3587 latus
1563 3520 1706 3587 FB
1760 3511 2128 3605 coinmune,
2182 3520 2308 3585 erit
2351 3516 2484 3586 Bo
