2659 3967
875 156 974 211 DE
1012 156 1256 213 LINEIS
1295 156 1736 214 SPIBALIBUS.
2252 155 2291 220 7

235 304 536 371 eiusdem
581 302 722 369 siue
759 302 926 369 alius
967 305 1375 389 segmentum
1411 301 1723 388 sphaerae
1758 301 2071 385 inuenire,
2118 300 2291 386 quod

239 412 467 496 ipsum
513 410 707 477 alteri
753 412 1093 496 segmento
1139 409 1412 495 aequale
1460 409 1573 491 sit,
1618 409 2021 495 superficiem
2070 410 2291 474 autem

237 517 522 583 alterius
605 517 928 603 segmenti
1003 516 1371 601 superficiei
1442 516 1783 601 aequalem
1852 515 2098 581 habeat
2172 515 2289 595 [ib.

240 622 334 707 ΙΙ,
369 624 464 705 6].
541 622 923 708 septimum:
990 644 1030 687 a
1083 622 1239 687 data
1295 620 1575 707 sphaera
1628 624 2036 709 segmentum
2088 621 2289 706 plano

235 728 636 814 abscindere,
682 730 790 795 ita-
813 733 891 795 ut
931 731 1341 821 segmentum
1378 728 1459 793 ad
1496 750 1730 793 conum
1765 727 1981 794 basim
2016 728 2290 795 eandem

241 834 620 921 habentem,
665 857 860 921 quam
906 836 1337 919 segmentum,
1384 838 1451 899 et
1496 834 1905 899 altitudinem
1952 835 2291 919 aequalem

239 941 466 1008 datam
503 942 828 1008 rationem
865 940 1106 1007 habeat
1142 940 1457 1007 maiorem
1493 962 1689 1027 quam
1726 942 1767 1007 3
1796 965 1813 1007 ε
1842 942 1884 1005 2
1926 941 2042 1023 [ib.
2076 940 2163 1026 H,
2202 941 2290 1023 Π.

239 1048 514 1141 horum·
557 1047 761 1133 igitur
831 1048 1152 1132 omnium,
1225 1068 1389 1132 quae
1452 1047 1961 1133 nominauimus,
2033 1047 2289 1132 proble-

241 1160 504 1221 matum·
548 1153 1139 1220 demonstrationes
1173 1146 1553 1219 Heraclides
1590 1153 1673 1220 ad
1709 1156 1777 1219 te
1813 1154 2099 1239 pertulit.
2173 1153 2290 1220 sed

237 1260 422 1346 quod
490 1259 721 1327 deinde
785 1260 1075 1344 positum
1128 1262 1294 1345 erat,
1360 1254 1599 1325 falsum
1653 1262 1815 1325 erat.
1912 1264 2015 1325 est
2068 1264 2289 1327 autem

245 1366 652 1433 huiusmodi:
694 1367 756 1433 si
793 1366 1072 1452 sphaera
1104 1366 1302 1452 plano
1327 1366 1412 1433 'in
1444 1370 1665 1453 partes
1699 1367 2075 1452 inaequales
2114 1388 2287 1433 seca-

243 1475 384 1557 tur,
443 1472 658 1538 maius
713 1476 1124 1559 segmentum
1178 1472 1261 1537 ad
1316 1472 1532 1538 minus
1587 1471 1909 1559 duplicem
1962 1474 2287 1539 rationem

243 1577 471 1663 habet,
503 1599 702 1663 quam
737 1578 946 1643 maior
983 1578 1357 1663 superficies
1394 1578 1477 1645 ad
1512 1577 1850 1645 minorem.
1903 1578 2029 1645 hoc
2066 1582 2287 1646 autem

241 1683 487 1749 falsum
529 1704 676 1749 esse
722 1704 800 1748 ex
843 1683 929 1749 iis
938 1732 958 1767 ,
1009 1704 1174 1769 quae
1219 1687 1417 1750 antea
1462 1685 1547 1749 ad
1588 1689 1657 1751 te
1699 1685 1903 1751 missa
1949 1688 2132 1768 sunt,
2174 1684 2315 1774 adf

245 1793 452 1874 paret.
559 1789 632 1855 in
693 1790 779 1857 iis
835 1790 1008 1855 enim
1057 1790 1184 1857 hoc
1237 1790 1527 1875 positum
1580 1793 1709 1855 est:
1766 1790 1824 1855 si
1880 1790 2158 1875 sphaera
2212 1792 2287 1857 in

247 1900 467 1981 partes
503 1896 878 1982 inaequales
917 1899 1175 1963 secatur
1209 1896 1411 1981 plano
1446 1896 1532 1963 ad
1570 1895 1960 1962 diametrum
1994 1896 2279 1983 aliquam

244 2002 566 2086 sphaerae
609 2002 1158 2089 perpendiculari,
1213 2002 1575 2088 superficiei
1621 2007 2027 2089 segmentum
2075 2004 2284 2070 maius

248 2108 330 2173 ad
373 2108 592 2174 minus
639 2108 912 2175 eandem
956 2108 1228 2175 habebit
1262 2109 1610 2193 rationem,
1654 2130 1849 2193 quam
1885 2110 2096 2175 maior
2129 2132 2283 2195 pars

249 2214 549 2281 diametri
623 2215 704 2281 ad
765 2216 1112 2300 minorem,
1189 2216 1509 2301 sphaerae
1588 2217 1807 2281 autem
1874 2219 2283 2307 segmentum

249 2323 457 2387 maius
521 2322 605 2389 ad
664 2322 880 2389 minus
937 2322 1256 2387 minorem
1320 2344 1520 2407 quam
1575 2321 1896 2405 duplicem
1960 2323 2285 2388 rationem

249 2426 475 2513 habet,
523 2450 720 2514 quam
763 2428 974 2495 maior
1019 2428 1391 2513 superficies
1436 2428 1519 2493 ad
1565 2427 1915 2507 minorem,
1969 2428 2285 2495 maiorem

250 2555 402 2601 uero
467 2556 666 2619 quam
731 2534 1232 2621 sesquialteram
1297 2535 1415 2616 [ib.
1457 2532 1552 2620 11,
1608 2533 1697 2616 81.
1795 2554 2023 2599 uerum
2084 2534 2284 2599 etiam

252 2638 588 2724 problema
633 2640 868 2708 ultimo
911 2641 1058 2708 loco
1095 2641 1383 2727 positum
1418 2640 1660 2707 falsum
1698 2643 1866 2705 erat:
1916 2640 1973 2705 si
2008 2640 2284 2707 alicuius

253 2744 565 2830 sphaerae
619 2746 976 2813 diametrus
1020 2748 1119 2813 ita
1163 2750 1451 2831 secatur,
1508 2754 1585 2813 ut
1628 2746 2021 2832 quadratum
2074 2746 2283 2831 partis

252 2853 516 2919 maioris
570 2852 770 2939 triplo
822 2853 1038 2937 maius
1091 2852 1179 2919 sit
1232 2852 1551 2939 quadrato
1603 2851 1811 2936 partis
1862 2849 2161 2931 minoris,
2216 2854 2285 2917 et

253 2979 364 3041 per
433 2958 562 3025 hoc
632 2962 950 3043 punctum
963 2956 1015 3046 1)
1075 2961 1343 3045 planum
1408 2958 1491 3025 ad
1552 2957 1942 3023 diametrum
2006 2979 2283 3044 perpen-

390 3151 444 3219 1)
483 3147 570 3205 Sc.
605 3149 666 3205 in
703 3166 813 3219 quo
850 3150 1164 3206 diametrus
1202 3150 1286 3205 ita
1323 3149 1509 3206 diuisa
1544 3152 1647 3207 est.

253 3342 402 3398 delet
425 3342 666 3401 Nizzius.
797 3350 878 3401 18.
916 3344 1008 3417 δέ]
1037 3344 1236 3415 scripsi
1260 3345 1425 3414 ibid.;
1464 3364 1572 3415 γαρ
1600 3344 1660 3413 F,
1688 3346 1881 3417 uulgo.
1996 3351 2081 3399 19.
2120 3341 2283 3399 ἔλασ-

253 3414 527 3541 ffiflffl
541 3414 665 3471 Ν·
729 3414 1184 3557 sesses]
1217 3415 2097 3543 33325535010·>”²’<00m10·>¹”³
2137 3431 2281 3471 ⁰⁰¹²·
