2659 3967
1079 173 1518 231 ARENARIUS.
1617 223 1624 229 .
2185 175 2315 242 253

284 317 573 401 habenti,
620 317 775 402 quia
812 340 887 382 ex
925 322 1196 404 utraque
1236 324 1426 402 parte
1463 319 1740 404 cylindri
1776 343 1932 405 pars
1972 321 2130 386 solis
2169 343 2317 388 con-
2421 353 2426 358 ·

284 425 696 509 spiciebatur.
787 425 901 490 sed
964 427 1271 512 quoniam
1337 427 1508 492 oculi
1563 426 1645 491 ab
1701 448 1831 492 uno
1887 431 2130 511 puncto
2187 449 2318 494 non

282 534 724 618 prospectant,
762 531 873 596 sed
910 553 949 596 a
988 532 1438 618 magnitudine
1467 532 1763 618 quadam,
1800 532 2319 618 magnitudinem

284 637 613 722 quandam
676 636 1025 704 rotundam
1089 639 1277 705 oculo
1343 661 1476 704 non
1537 641 1854 705 minorem
1911 640 2187 723 sumpsi,
2251 645 2318 706 et

282 745 735 830 magnitudine
780 746 853 812 in
898 748 1185 813 extrema
1232 747 1464 830 regula
1508 746 1754 830 posita,
1801 767 1930 831 quo
1974 746 2118 812 loco
2167 767 2316 812 ocu-

282 851 386 916 lus
432 851 683 935 positus
732 855 892 936 erat,
936 851 1125 918 lineis
1174 856 1241 919 et
1285 852 1803 937 magnitudinem
1853 858 1922 918 et
1957 852 2316 935 cylindrum

282 957 813 1041 contingentibus
870 957 1107 1042 ductis,
1164 958 1445 1043 angulus
1498 958 1688 1024 lineis
1746 958 1841 1024 ita
1887 958 2097 1024 ductis
2147 982 2316 1026 com-

278 1064 640 1148 prehensus
688 1066 901 1130 minor
938 1068 1081 1130 erat
1117 1065 1380 1151 augule,
1425 1067 1530 1130 cui
1567 1065 1666 1132 sol
1705 1069 1970 1152 aptatur
2005 1066 2316 1132 uerticem

279 1173 354 1236 in
398 1172 585 1236 oculo
630 1161 921 1238 habenti.
992 1172 1380 1258 magnitudo
1428 1177 1648 1238 autem
1693 1173 1878 1238 oculo
1925 1194 2061 1238 non
2099 1174 2314 1238 minor
2339 1176 2423 1240 14

278 1277 409 1343 hoc
471 1277 664 1342 modo
729 1277 1076 1344 inuenitur.
1168 1283 1516 1344 sumuntur
1571 1277 1696 1344 duo
1754 1278 2031 1362 cylindri
2085 1282 2312 1344 tenues

278 1383 507 1448 eadem
563 1384 1015 1469 crassitudine,
1080 1384 1247 1450 alter
1302 1385 1517 1467 albuS,
1587 1385 1756 1450 alter
1809 1407 1966 1450 uero
2019 1407 2178 1469 non,
2247 1389 2314 1450 et

283 1494 439 1556 ante
485 1491 743 1556 oculum
786 1494 1137 1575 ponuntur,
1185 1491 1281 1554 ita
1325 1494 1402 1555 ut
1437 1491 1624 1556 albus
1665 1491 1749 1556 ab
1787 1513 1865 1556 eo
1905 1491 2312 1574 aliquantum

284 1597 478 1680 absit,
525 1599 638 1682 qui
685 1601 905 1663 autem
954 1598 1139 1662 albus
1186 1618 1320 1661 non
1359 1601 1476 1680 est,
1521 1599 1708 1662 oculo
1747 1619 1940 1681 quam
1978 1599 2312 1681 proximus

280 1702 388 1788 sit,
432 1704 528 1769 ita
571 1710 649 1770 ut
694 1706 895 1770 etiam
942 1703 1281 1789 contingat
1323 1702 1576 1768 faciem.
1669 1703 1726 1768 si
1769 1703 1974 1790 igitur
2019 1704 2314 1789 cylindri,

282 1830 447 1894 quos
496 1811 917 1895 sumpsimus,
965 1811 1151 1876 oculo
1197 1809 1526 1875 tenuiores
1573 1812 1744 1893 sunt,
1791 1809 2124 1894 cylindrus
2169 1833 2312 1895 pro·

276 1917 427 2000 pior
472 1917 555 1981 ab
604 1917 793 1982 oculo
838 1915 1423 1999 comprehenditur,
1468 1919 1534 1981 et
1579 1915 1767 1980 albus
1815 1916 1897 1980 ab
1945 1937 2021 1980 eo
2060 1917 2313 2002 conspi-

280 2023 467 2107 citur,
514 2025 571 2088 si
618 2023 825 2088 multo
872 2021 1198 2088 tenuiores
1246 2026 1417 2105 sunt,
1463 2025 1662 2105 totus,
1707 2021 1766 2086 si
1811 2021 2046 2105 minus,
2089 2027 2310 2107 partes

280 2129 601 2215 quaedam
640 2129 775 2194 albi
811 2149 889 2192 ex
925 2131 1197 2213 utraque
1235 2132 1422 2213 parte
1466 2128 1744 2212 cylindri
1773 2128 1958 2194 oculo
1986 2129 2311 2212 propioris

279 2236 784 2320 conspiciuntur.
874 2234 979 2299 his
1034 2237 1251 2300 autem
1308 2234 1614 2320 cylindris
1661 2233 2091 2300 crassitudine
2139 2237 2310 2320 aptis
2337 2236 2419 2302 15

280 2343 559 2427 sumptis
618 2343 783 2408 alter
838 2341 1026 2407 alteri
1071 2340 1307 2424 officit,
1366 2363 1486 2406 nec
1540 2341 1774 2408 maiori
1829 2341 2063 2424 spatio,
2144 2343 2313 2408 eius—

280 2449 459 2515 modi
504 2449 709 2534 igitur
748 2447 1150 2534 magnitudo,
1198 2447 1414 2532 qualis
1454 2452 1554 2512 est
1591 2446 1953 2513 crassitudo
1993 2448 2312 2531 cylindro-

278 2579 425 2620 rum
481 2556 574 2621 sic
632 2577 698 2620 se
753 2555 1160 2637 habentium,
1214 2552 1393 2618 haud
1449 2553 1640 2620 dubie
1687 2552 1874 2620 oculo
1921 2554 2134 2618 minor
2179 2577 2310 2620 non

282 2667 399 2730 est.
472 2661 753 2747 angulus
801 2682 956 2726 uero
1002 2682 1138 2727 non
1182 2661 1395 2724 minor
1443 2660 1702 2743 angulo,
1749 2661 1854 2724 cui
1903 2661 2002 2725 sol
2048 2663 2312 2742 aptatur

280 2891 411 2961 μέν]
449 2909 521 2944 τα
558 2908 663 2960 μεν
700 2890 769 2954 Ἐς
808 2905 947 2945 corr.
985 2888 1103 2942 BC.
1232 2894 1315 2944 13.
1355 2884 1492 2969 πρό]
1528 2905 1669 2956 προς
1705 2904 1806 2956 per
1843 2903 2022 2957 comp.
2059 2885 2130 2954 Ἐς
2168 2903 2306 2941 corr.

276 2961 341 3016 B.
404 3017 415 3028 ,
490 2967 572 3016 14.
614 2957 689 3022 ὡς
756 2979 816 3022 ος
850 2959 921 3026 Ἐς
960 2976 1100 3015 corr.
1141 2958 1208 3027 Ος
1248 2953 1385 3013 ὅσον
1420 2957 1658 3012 Nizzius.
1808 2962 1892 3015 15.
1929 2961 2145 3028 θιγγαν
2183 2975 2310 3013 cum

280 3049 463 3102 comp.
502 3052 573 3101 ην
611 3049 680 3086 ue
742 3051 798 3084 w
834 3030 893 3086 Ἐ.
1025 3037 1109 3086 16.
1148 3031 1247 3101 κα]
1288 3029 1511 3096 addidi;
1551 3046 1659 3085 om.
1698 3027 1761 3096 F,
1797 3029 1988 3100 uulgo·
2114 3034 2308 3084 λεπτο-

276 3121 422 3158 τατοι
457 3103 530 3169 Ἐς
568 3119 707 3158 corr.
744 3101 966 3158 Wallis.
1099 3108 1181 3158 19.
1220 3099 1350 3172 μέν]
1390 3120 1458 3155 κο
1495 3099 1562 3168 Ἐς
1603 3116 1739 3156 corr.
1777 3099 1998 3156 Wallis.
2115 3104 2309 3156 λεπτο-

277 3193 450 3243 τεραν
486 3173 569 3240 Ἐς
608 3190 745 3228 corr.
784 3171 1007 3228 Wallis.
1198 3192 1352 3227 εοντι
1387 3173 1460 3238 Ἐς
1509 3187 1645 3229 corr.
1684 3170 1903 3227 Wallis.
2085 3177 2170 3226 21.
2207 3172 2310 3226 τοῦ

280 3241 477 3316 ἐγγύς]
515 3264 615 3307 τας
654 3247 879 3314 (comp.)
918 3263 1085 3314 εγγυς
1119 3241 1189 3311 Ἐς
1229 3259 1366 3300 corr.
1403 3241 1468 3298 B.
1590 3248 1678 3297 22.
1715 3246 2027 3312 κυλινδρων
2061 3243 2130 3309 Ἐς
2170 3259 2308 3297 corr.

279 3314 502 3383 wallis,
540 3316 606 3370 ut
640 3314 735 3370 lin.
775 3320 860 3370 25.
989 3316 1329 3370 επειταδιῶν
1367 3313 1437 3381 Ἐς
1477 3331 1617 3370 corr.
1653 3313 1874 3369 Wallis.
1986 3310 2307 3383 ἐπισκοτεῖ]

278 3386 350 3451 Ἐς
396 3384 606 3442 retinui
651 3403 777 3441 eum
827 3385 1049 3440 Gertzio
1094 3387 1314 3440 mutata
1361 3385 1834 3455 interpunctione3
1884 3380 2202 3439 ἐπισκοτεῖν
2249 3383 2309 3452 Ο,

278 3456 508 3524 wallis,
549 3456 843 3513 Torellius.
971 3462 1057 3513 26.
1096 3451 1133 3510 ἆ
1173 3451 1303 3528 ου’κ]
1345 3456 1572 3526 scripsi3
1611 3451 1650 3510 ἃ
1688 3473 1796 3512 om.
1834 3454 1893 3522 F,
1932 3454 2120 3525 uulgo,
2221 3461 2308 3510 27.

281 3526 387 3600 εἰς]
427 3547 517 3591 αις
553 3528 625 3597 Ἐς
662 3544 803 3586 corr.
838 3528 885 3581 Β
922 3524 1041 3598 (ἐς).
