2659 3967
810 132 910 187 DE
943 132 1188 189 LINEIS
1227 132 1672 191 SPIRALIBUS.
2166 134 2259 199 23

1197 312 1278 379 V.

355 434 534 502 Dato
599 437 838 503 circulo
905 440 972 503 et
1026 438 1202 503 linea.
1264 438 1578 505 circulum
1642 438 2047 525 contingenti
2111 438 2257 503 fieri

209 540 466 627 potest,
509 546 586 608 ut
632 565 670 607 a
718 546 939 610 centro
987 544 1214 609 circuli
1261 545 1342 611 ad
1390 544 1877 631 contingentem
1922 544 2098 611 linea
2143 544 2257 610 du-

212 652 430 734 catur,
473 649 571 714 ita
614 653 690 714 ut
731 650 909 715 linea
943 650 1116 715 inter
1151 652 1643 735 contingentem
1680 653 1746 715 et
1781 651 2099 717 ambitum
2138 652 2255 717 cir·

213 754 357 820 culi
409 755 631 839 posita
687 755 768 821 ad
823 754 1080 825 radium
1135 778 1280 821 eam
1333 756 1659 822 rationem
1721 755 1995 842 habeat,
2058 779 2257 842 quam

213 859 515 926 ambitus
535 860 776 928 circuli
812 860 983 926 inter
1017 867 1332 946 punctum
1369 865 1708 928 contactus
1748 865 1814 928 et
1838 862 2078 929 lineam
2103 885 2257 948 pro·

217 968 489 1033 ductam
533 966 788 1051 positus
834 968 917 1033 ad
963 967 1320 1052 quemlibet
1374 968 1601 1033 datum
1644 969 1964 1035 ambitum
2012 968 2257 1035 circuli.

359 1073 552 1139 datus
599 1074 688 1138 sit
731 1074 1010 1140 circulus
1055 1076 1272 1159 ΑΒΓ,
1318 1076 1387 1140 et
1431 1078 1725 1141 centrum
1763 1076 1903 1141 eius
1941 1076 2027 1141 sit
2061 1078 2146 1161 K,
2190 1080 2257 1141 et

220 1185 292 1243 A
305 1184 361 1245 Ζ
417 1180 732 1245 circulum
785 1180 856 1244 in
907 1184 965 1243 Β
1021 1181 1379 1269 contingat.
1470 1180 1659 1247 datus
1716 1182 1804 1247 sit
1858 1183 2057 1249 etiam
2113 1181 2255 1267 qui-

214 1286 389 1350 libet
441 1284 724 1351 ambitus
772 1284 1012 1351 circuli.
1100 1284 1244 1351 fieri
1289 1286 1494 1373 igitur
1536 1290 1783 1373 potest,
1837 1289 1912 1354 ut
1958 1291 2255 1354 sumatur

216 1392 399 1457 linea
453 1392 672 1476 aliqua
737 1391 892 1457 dato
949 1391 1201 1458 ambitu
1259 1394 1469 1461 maior
1524 1394 1736 1481 [prop.
1783 1394 1853 1477 3]
1864 1444 1883 1479 ‚
1938 1396 2005 1460 et
2060 1395 2164 1465 sit.
2192 1400 2261 1460 E

218 1498 380 1564 dato
427 1498 682 1565 ambitu
725 1498 952 1564 maior.
1017 1498 1292 1565 ducatur
1338 1503 1556 1564 autem
1604 1522 1645 1566 a
1688 1502 1909 1566 centro
1939 1504 2012 1566 K
2043 1501 2253 1567 lineae

219 1608 358 1669 ΔΖ
404 1605 724 1690 parallela
767 1604 946 1671 linea
990 1609 1166 1690 AH,
1191 1596 1276 1671 ‘et
1319 1610 1607 1691 ponatur
1641 1610 1779 1691 ΗΘ
1822 1606 1996 1673 line'a
2038 1606 2253 1674 lineae

221 1714 289 1774 E
339 1712 631 1795 aequalis
689 1710 772 1776 ad
816 1714 1132 1797 punctum
1177 1716 1235 1775 Β
1292 1732 1573 1797 uergens
1591 1708 1664 1797 ¹),
1710 1716 1777 1779 et
1820 1712 2050 1794 [linea]
2101 1736 2141 1779 a
2184 1718 2257 1780 K

508 1852 596 1909 B
1175 1820 1418 1903 puncto
1471 1817 1553 1882 ad
1598 1822 1657 1881 Θ
1701 1816 1896 1883 ducta
1938 1816 2255 1903 produca-

1175 1927 1302 1990 tur.
1394 1924 1521 1989 erit
1564 1923 1771 2009 igitur

234 2022 313 2099 Δ
580 2041 658 2097 B
951 2040 1015 2095 Ζ
1264 2029 2148 2118 ΘΖεΘΚῧΒΘιΘΗὲ)

1175 2138 1400 2222 itaque
1437 2141 1590 2203 ΖΘε
1614 2140 1750 2202 ΘΚ
1791 2137 2113 2205 minorem
2147 2160 2253 2205 ra.-

1175 2244 1425 2309 tionem
1469 2243 1689 2327 habet,
1734 2265 1931 2328 quam
1967 2245 2250 2311 ambitus

1175 2354 1304 2414 ΒΘ
1340 2349 1423 2414 ad
1459 2349 1681 2414 datum
1719 2349 2056 2433 ambitum,
2097 2350 2253 2435 quia

1078 2428 1157 2485 Π
1176 2454 1349 2519 linea
1396 2458 1524 2520 ΒΘ
1574 2455 1789 2522 minor
1842 2458 1945 2521 est
1998 2456 2253 2523 ambitu

1175 2564 1304 2626 ΒΘ
1340 2561 1449 2643 [de
1484 2560 1627 2646 sph.
1666 2564 1732 2627 et
1768 2562 1895 2645 cyl.
1919 2561 1954 2626 I
1982 2564 2177 2647 λαμβ.
2210 2564 2245 2629 1

1173 2688 1236 2750 p.
1267 2666 1403 2751 ‘8],
1474 2669 1541 2733 et
1610 2666 1789 2731 linea,
1854 2670 2000 2732 ΘΗ
2066 2670 2253 2754 [quia

222 2771 426 2838 lineae
471 2776 538 2837 E
577 2772 868 2857 aequalis
921 2774 1049 2854 est]
1105 2773 1313 2838 maior
1366 2773 1621 2838 ambitu
1676 2773 1828 2839 dato
1876 2773 2020 2854 [cfr.
2064 2773 2251 2840 Eucl.

223 2876 300 2963 V,
337 2878 426 2959 8].
488 2877 712 2963 itaque
751 2879 875 2943 ΖΘ
911 2878 993 2943 ad
1029 2864 1283 2944 radium
1319 2878 1636 2943 minorem
1671 2877 1995 2945 rationem
2030 2879 2253 2966 habet,

224 3008 414 3071 quam
461 2984 746 3052 ambitus
792 2988 850 3049 Β
863 2988 921 3051 Θ
966 2984 1050 3050 ad
1096 2983 1321 3049 datum
1368 2982 1705 3049 ambitum.

363 3198 416 3266 1)
457 3194 618 3263 Quod
657 3211 768 3266 quo
802 3194 971 3252 modo
1007 3194 1130 3253 fieri
1163 3193 1360 3265 possit,
1396 3194 1762 3252 Archimedes
1799 3213 1913 3253 non
1940 3196 2106 3265 dicit3
2147 3196 2249 3252 cfr.

229 3268 492 3323 zeitschr.
527 3268 570 3323 f.
606 3267 804 3338 nath„
837 3267 968 3324 hist.
1003 3266 1177 3322 Abth.
1214 3264 1373 3321 XXV
1408 3282 1463 3335 p.
1500 3272 1571 3323 66
1607 3284 1691 3322 nr.
1730 3273 1781 3322 3.

356 3340 414 3409 2)
449 3337 600 3393 Nam
638 3354 765 3393 cum
803 3342 911 3393 ΔΖ
939 3342 982 3409 ss
1012 3340 1142 3405 ΑΗ,
1181 3334 1290 3392 erit
1325 3336 1369 3405 L
1396 3338 1565 3392 ΒΖΘ
1594 3362 1661 3385 ==
1692 3339 1925 3409 8KH3-
1962 3340 2022 3393 et

227 3496 390 3549 quare
427 3481 589 3536 ΒΘΖ
615 3502 687 3529 Ν
715 3480 920 3550 Rem
957 3407 1593 3547 tuLmeffizlfVGIfli·
