2659 3967
827 188 922 243 DE
958 186 1200 245 mimis
1241 186 1687 245 SPIRAmBUs.
2180 179 2275 253 53'

201 331 441 396 locum
500 332 898 418 restituitur,
960 329 1132 398 unde
1195 334 1444 399 moueri
1500 335 1733 418 coepta
1788 337 1912 416 est,
1983 336 2049 397 et
2113 333 2268 397 dum

209 436 404 502 linea
457 439 946 524 circumagitur,
1005 441 1321 524 punctum
1387 438 1649 523 aliquod
1714 437 1842 502 sibi
1896 438 2113 521 ipsum
2160 460 2269 533 ae-

213 543 584 627 quabilitcr
646 545 715 609 in
774 546 948 612 linea
1010 546 1219 610 fertur
1289 567 1330 609 a
1394 548 1696 610 manente
1758 544 2043 609 termino
2108 545 2267 609 inci-

213 649 436 733 pienS,
462 652 776 734 punctum
801 651 871 716 in
897 651 1096 735 plano
1133 650 1423 716 lineam
1462 651 1835 735 spiralem
1864 649 2202 715 describet.
2217 648 2268 735 ¹)

360 773 447 838 ΙΙ.
525 773 866 839 Terminus
912 774 1113 856 igitur
1159 768 1392 858 lineae,
1438 775 1567 859 qui,
1613 774 1765 839 dum
1808 774 1956 859 ipsa
1998 773 2269 839 circum-

221 880 475 964 agitur,
517 882 758 965 manet,
803 880 1284 965 principium
1331 880 1657 965 spiralis
1704 882 1989 945 uocetur.

349 1002 470 1069 III.
541 1000 794 1069 Positio
841 996 1070 1068 'autem
1123 1002 1365 1087 lineae,
1419 1002 1591 1067 unde
1637 1002 1991 1089 circumagi
2037 1006 2268 1089 coepta

219 1102 346 1194 est,
391 1107 876 1193 principium
917 1108 1572 1174 circumactionis,

364 1232 479 1299 IV.
505 1232 608 1301 Ea
632 1234 824 1321 linea,
847 1256 1060 1326 =quam
1087 1232 1157 1305 in
1183 1234 1412 1317 prima,
1427 1232 1927 1299 circumactione
1953 1240 2267 1319 punctum

223 1326 686 1425 permeuuerit,
713 1338 885 1428 quod
912 1341 984 1405 in
1011 1338 1184 1404 linea
1209 1338 1434 1423 fertur,
1460 1340 1710 1427 prima
1737 1326 2033 1425 uocetur3
2072 1363 2268 1429 quam
2330 1408 2333 1415 ,

223 1448 298 1511 in
357 1444 664 1511 secunda
691 1445 1192 1531 circumactione
1237 1446 1411 1515 idem
1452 1450 1771 1531 punctum
1816 1449 2268 1533 permeaucrit,

229 1552 597 1635 secunda,
673 1555 739 1616 et
811 1555 1074 1663 ceterae·
1127 1546 1358 1617 eodem
1431 1550 1624 1617 modo
1690 1553 2265 1619 circumactionum

225 1658 650 1761 cognomines
699 1658 850 1723 sint.

365 1781 444 1849 V.
520 1780 822 1873 Spatium
857 1786 1088 1851 autem
1135 1760 1367 1877 spirali
1408 1782 1479 1847 in
1512 1781 1729 1867 prima
1765 1782 2265 1847 circumactione

227 1887 560 1973 descripta,
619 1892 686 1963 ct
709 1888 946 1973 linea,
1018 1910 1184 1975 quae
1250 1889 1351 1953 est
1413 1886 1654 1973 prima,
1728 1887 2267 1973 comprehensum

226 1994 564 2089 primum
627 1997 936 2087 uocetur-3
989 1994 1160 2079 quod
1223 1993 1454 2079 spirali
1517 1994 1589 2058 in
1654 1994 1937 2060 secunda
2000 1994 2267 2061 circum-

227 2100 487 2185 actione
523 2100 850 2185 descripta
889 2104 956 2169 et
987 2101 1167 2169 linea
1203 2100 1485 2167 secunda
1521 2100 2105 2185 comprehenditur,
2144 2123 2176 2165 s
2192 2122 2268 2165 e-

226 2208 562 2286 cundum
613 2212 948 2291 uocetur,
979 2211 1044 2273 et
1091 2210 1317 2279 cetera
1352 2226 1625 2291 quoquc
1680 2206 1983 2292 deinceps
2030 2206 2255 2272 eodem

232 2294 436 2379 modo
477 2314 910 2403 nominentur.

369 2435 484 2503 VI
546 2434 640 2501 Et
683 2436 746 2501 si
787 2459 854 2506 a
863 2439 1134 2520 punctO,
1178 2382 1355 2521 quod
1397 2435 1792 2529 principium
1838 2436 2099 2520 spiralis
2148 2442 2269 2520 est,

235 2546 422 2611 recta
463 2543 644 2609 linea.
685 2542 967 2625 ducitur,
1019 2562 1186 2625 quae
1241 2541 1337 2607 in
1370 2539 1596 2606 eadem
1644 2542 1783 2607 eius
1830 2542 2038 2606 lineae
2082 2546 2271 2626 parte

234 2654 416 2733 sunt,
473 2650 545 2715 in
589 2670 785 2733 quam
826 2646 906 2711 fit
949 2647 1397 2739 circumactio,
1440 2647 1996 2733 praecedentia
2038 2668 2270 2714 uocen-

233 2760 362 2840 tur,
408 2777 578 2840 quae
620 2754 692 2822 in
739 2754 948 2822 altera
989 2756 1192 2837 parte
1225 2757 1397 2838 sunt,
1444 2753 1877 2839 sequentia.
1914 2778 1931 2817 κ

315 2920 322 2933 ·
364 2876 512 2945 VII.
611 2878 704 2943 Et
764 2876 1041 2942 circulus
1051 2926 1074 2961 ‚
1143 2878 1324 2943 cuius
1400 2882 1693 2942 centrum
1765 2879 1868 2943 est
1936 2880 2271 2962 punctum,

232 2984 408 3070 qu'od
451 2983 860 3070 principium·
875 2982 1159 3068 spii-alis
1177 2987 1312 3068 est,
1357 2982 1575 3061 radius
1614 2986 1832 3049 autem
1866 2979 2058 3069 linea,
2102 3005 2269 3069 quae

236 3096 339 3158 est
401 3092 642 3177 prima,
703 3090 1001 3175 primus
1062 3093 1357 3175 uocetur,
1420 3089 1703 3163 circulus
1742 3082 2020 3175 cutem,
2064 3091 2269 3161 cuius

261 3373 342 3429 ali
380 3301 604 3429 1213&¹²
621 3301 848 3370 Pappus
883 3300 910 3353 Ι
955 3317 1013 3368 p.
1049 3304 1156 3353 234
1195 3297 1310 3368 (IV,
1348 3300 1467 3369 30),
1514 3298 1617 3355 ubi
1658 3298 1921 3356 similiter
1964 3298 2117 3355 linea
2154 3299 2268 3369 spi-

233 3393 260 3427 r
343 3391 369 3429 s
447 3389 476 3427 e
517 3388 577 3427 m
603 3388 684 3427 ur.
1679 3430 1685 3436 .
