2659 3967
816 193 913 247 DE
952 192 1195 248 LINEIS
1232 191 1678 249 SPIRALIBUS.
2120 193 2248 258 107

218 337 547 404 sti-actum
592 339 893 422 aequales
941 341 1097 403 sunt
1138 337 1390 422 figurae
1433 337 1805 424 inscriptae.
1877 339 2096 425 itaque
2133 340 2255 406 cir-

222 444 403 510 culus
450 449 517 509 A
528 448 718 509 ZHI
757 443 969 510 maior
1013 447 1113 510 est
1156 466 1354 528 quam
1398 444 1600 529 triplo
1645 445 1856 511 maior
1897 447 2112 531 figura
2155 447 2255 512 in·-

218 551 493 636 scripta3
533 551 646 617 sed
681 551 923 618 circulo
962 565 1001 619 Q
1036 550 1235 636 triplo
1262 551 1476 616 maior
1499 555 1618 616 est.
1682 574 1880 636 quare
1906 552 2187 619 circulus
2216 568 2254 622 Q

220 657 431 723 maior
478 661 581 723 est
623 658 837 744 figura
878 657 1211 742 inscripta.
1283 658 1398 723 sed
1442 658 1651 724 maior
1693 680 1828 724 non
1863 663 1983 742 est,
2027 680 2256 725 uerum

220 763 455 829 minor.
527 763 749 849 itaque
784 785 869 828 ne
905 763 1117 830 maius
1132 763 1414 849 ‘quidem
1450 763 1692 830 circulo
1729 777 1768 832 (ὶ
1807 765 1932 828 erit
1970 766 2256 850 spatium

220 869 763 954 comprehensum
810 869 1037 955 spirali
1070 872 1344 935 ABI’A
1351 873 1479 934 ΕΘ
1515 874 1580 935 et
1615 870 1788 936 linea
1821 876 1888 934 A
1895 875 1968 937 Θ.
2031 854 2256 957 itaque

215 977 495 1062 aequale
540 982 663 1044 est.

1142 1170 1347 1237 XXV.

358 1295 660 1380 Spatium
732 1296 1273 1380 comprehensum
1348 1296 1576 1380 spirali
1649 1297 1929 1363 secunda
1992 1298 2259 1363 circum-

216 1402 485 1470 actione
548 1403 873 1488 descripta
934 1407 1003 1468 et
1063 1402 1237 1468 linea
1300 1403 1580 1468 secunda
1642 1425 1890 1488 earum,
1963 1426 2128 1488 quae
2189 1407 2262 1470 in

215 1509 551 1594 principio
608 1509 1130 1574 circumactionis
1186 1511 1365 1593 sunt,
1421 1508 1505 1574 ad
1551 1509 1863 1574 circulum
1909 1510 2261 1575 secundum

219 1637 373 1681 eam
436 1616 639 1682 habet
700 1615 1051 1701 rationem,
1113 1637 1310 1701 quam
1369 1616 1406 1680 7
1438 1639 1454 1680 :
1488 1615 1595 1700 12,
1661 1635 1824 1700 quae
1879 1616 2106 1682 eadem
2161 1620 2264 1682 est

219 1723 426 1808 ratio,
482 1744 679 1807 quam
736 1723 939 1788 habet
990 1722 1447 1807 rectangulum
1493 1722 2034 1807 comprehensum
2077 1722 2261 1787 radio

223 1829 499 1896 secundi
554 1829 783 1894 circuli
836 1832 903 1894 et
956 1828 1143 1894 radio
1194 1827 1394 1912 primi
1447 1849 1578 1893 una
1632 1849 1779 1893 cum
1835 1829 2034 1893 tertia
2076 1832 2262 1912 parte

221 1934 535 2021 quadrati
580 1934 719 2000 eius
766 1956 1093 2020 excessua,
1139 1957 1267 2021 quo
1312 1934 1537 2000 radius
1585 1935 1848 2000 secundi
1894 1933 2118 2001 circuli
2162 1956 2266 1999 ra-

221 2043 411 2108 dium
444 2042 645 2126 primi
679 2041 948 2126 excedit,
984 2041 1066 2105 ad
1103 2042 1491 2126 quadratum
1527 2041 1696 2106 radii
1733 2040 1997 2106 secundi
2024 2041 2268 2106 circuli.

366 2147 456 2212 sit
500 2146 780 2232 spiralis,
823 2147 896 2212 in
939 2169 1067 2232 qua
1113 2146 1200 2213 sit
1245 2149 1608 2232 ΑΒΓΔΕ,
1671 2147 1952 2213 secunde
1995 2147 2266 2213 circum-

224 2253 490 2320 actione
545 2253 888 2339 descripta.
980 2256 1047 2318 et
1103 2257 1420 2337 punctum
1466 2258 1524 2320 Θ
1564 2253 1962 2339 principium
2007 2254 2096 2319 sit
2139 2254 2268 2340 spi-

224 2362 411 2447 ralis,
458 2361 633 2428 linea
678 2365 897 2426 autem
925 2364 1061 2426 ΘΕ
1100 2360 1314 2444 prima
1349 2381 1592 2445 earum,
1639 2382 1805 2445 quae
1841 2360 1912 2426 in
1947 2359 2266 2444 principio

226 2467 759 2536 circumactionis
813 2470 994 2551 sunt,
1050 2473 1115 2532 Α
1122 2470 1188 2531 Ε
1239 2471 1459 2533 autem
1517 2467 1825 2552 secunda3
1879 2469 1947 2530 et
1993 2464 2268 2530 circulus

226 2579 500 2643 AZHI
572 2574 889 2640 secundus
969 2573 1083 2658 sit,
1160 2576 1228 2638 et
1299 2577 1472 2656 AH,
1543 2575 1651 2636 IZ
1723 2571 2025 2637 diametri
2096 2570 2270 2635 inter

230 2705 305 2749 se
357 2681 941 2768 perpendiculares.
1032 2679 1638 2757 demonstrandum,
1699 2678 1986 2763 spatium
2041 2677 2272 2764 spirali

230 2928 413 2983 uerba·
446 2928 525 2998 τῷ
562 2925 979 2998 περιλειφθέντα,
1019 2969 1032 2981 .
1070 2966 1083 2980 .
1126 2921 1365 2988 εὐθείας
1399 2925 1496 2980 lin.
1537 2930 1703 2990 '1-83
1741 2941 1851 2979 om.
1881 2921 1967 2978 Cr.
2079 2928 2130 2979 9.
2167 2918 2268 2988 κζ’

230 2998 295 3053 F.
453 3005 538 3054 10.
576 2997 640 3054 τὸ
678 2997 1061 3070 περιλαφθέν]
1103 2997 1323 3066 addidi;
1371 3014 1480 3053 om.
1526 2994 1596 3065 F,
1642 2995 1836 3066 uulgo,
2017 3000 2102 3049 16.
2141 2996 2270 3050 δευ·

230 3085 427 3160 τέρου]
466 3075 502 3160 ᾗ
538 3087 609 3154 Ες
648 3091 708 3143 et
743 3088 824 3142 sic
860 3087 1081 3157 saepius
1116 3086 1266 3142 infrss
1303 3086 1488 3209 <Fuelut
1522 3085 1622 3140 lin.
1664 3091 1748 3154 17,
1788 3090 1854 3168 19
1892 3083 1997 3154 bis,
2035 3086 2143 3152 21).

233 3165 320 3216 27.
358 3178 499 3230 προς
534 3161 762 3230 (comp.)
804 3161 985 3228 ορθας
1021 3161 1283 3228 αλληλαις
1374 3179 1387 3224 3
1427 3173 1565 3213 corr.
1604 3156 1900 3213 Torelhus.
