2659 3967
344 159 475 225 146
529 161 919 214 ΕΠῙΠΕΔΩΝ
952 162 1181 214 ῙΣΟΡΡ.
1220 161 1276 211 H
1309 161 1598 212 RENTPA
1631 158 1874 212 BAPQN
1909 160 2116 213 ΕΠΙΠ.
2153 155 2236 211 A'.

1310 345 1354 406 γ
1385 371 1400 386 .

482 444 580 514 Τὰ
626 443 831 513 ἄνισα
875 442 1087 533 βάρεα
1132 441 1262 512 άπὸ
1310 446 1449 511 τῶν
1496 440 1753 510 ἀνίσων
1798 443 2062 528 μακέων
2110 445 2381 529 ἰσορρο-

340 556 695 640 πησοῦντι,
742 552 855 618 καὶ
898 549 975 619 τὸ
1023 555 1248 636 μεῖζον
1296 547 1428 617 ἀπὸ
1475 553 1597 636 τοῦ
1646 549 2025 629 ἐλάσσονος.

476 663 644 727 ε”στω
691 657 894 726 ἄνισα
939 656 1153 744 βάρεα
1188 653 1273 722 τὰ
1310 665 1398 742 A,
1435 663 1516 742 Β,
1563 657 1674 723 καὶ
1711 661 1878 724 ἔστω
1917 661 2142 742 μεῖζον
2177 654 2253 725 τὸ
2289 665 2383 743 Α,

272 783 306 832 5
342 765 455 832 καὶ
496 763 1037 853 ἰσορροπεόντων
1075 760 1207 830 άπὸ
1236 767 1374 831 ταῖν
1394 771 1459 830 Α
1468 768 1545 849 Γ,
1574 768 1697 830 ΓΒ
1726 764 2008 850 μακέων.
2056 763 2382 848 δεικτέον,

345 870 450 942 ὅτι
496 871 799 940 ἐλάσσων
848 870 1027 939 ἐστὶν
1075 867 1117 936 ἁ
1163 878 1228 936 Α
1238 875 1303 936 Γ
1337 872 1457 948 τάς
1502 875 1643 937 ΓΒ.

480 976 569 1064 μὴ
616 975 747 1064 γὰρ
785 982 950 1045 ἔστω
991 975 1314 1045 ἐλάσσων.
1381 974 1865 1064 ἀφαιρεθείσας
1903 973 1987 1062 δὴ
2023 979 2140 1056 τᾶς
2174 973 2382 1064 ὑπερ-

344 1088 535 1172 οχᾶς,
583 1075 628 1172 ᾇ
672 1080 977 1171 ὑπερέχει
1024 1081 1099 1151 τὸ
1146 1092 1212 1150 A
1256 1086 1380 1150 τοῦ
1426 1089 1515 1168 Β,
1564 1079 1789 1167 ἐπειδὴ
1837 1081 2382 1170 ίσορροπεόντων

342 1188 475 1259 άπὸ
522 1193 647 1258 τοῦ
694 1190 925 1277 ἑτέρου
972 1185 1336 1277 ἀφῃρῆται,
1385 1189 1572 1276 ῥέψει
1621 1187 1727 1255 ἐπὶ
1771 1185 1848 1256 τὸ
1894 1195 1969 1255 Β.
2055 1185 2139 1255 οὐ
2188 1189 2376 1276 ῥέψει

238 1317 308 1366 10
342 1299 436 1366 δέ.
509 1304 639 1364 εἴτε
674 1295 805 1384 γὰρ
845 1303 958 1362 ἴσα
1000 1295 1181 1364 ἐστὶν
1228 1291 1271 1361 ἃ
1309 1300 1438 1361 ΓΑ
1473 1297 1556 1382 τᾷ
1595 1299 1740 1380 ΓΒ,
1781 1297 2379 1382 ίσορροπησοῦντι·

341 1403 425 1472 τὰ
468 1401 599 1491 γὰρ
648 1411 762 1471 ἴσα
806 1399 938 1470 ἀπὸ
984 1405 1125 1469 τῶν
1170 1409 1339 1468 ἴσων
1385 1403 1649 1488 μακέων
1687 1401 2180 1489 ἰσορροπέοντι·
2245 1409 2380 1468 εἴτε

342 1515 584 1598 μείζων
630 1506 673 1576 ἁ
720 1515 849 1576 ΓΑ
894 1511 1011 1588 τᾶς
1055 1514 1209 1594 ΓΒ,
1267 1509 1451 1596 ῥέπει
1498 1508 1604 1576 ἐπὶ
1649 1506 1724 1575 τὸ
1772 1517 1864 1575 A·
1955 1505 2036 1574 τά
2082 1505 2213 1594 γὰρ
2263 1515 2381 1574 ἴσα

944 1663 952 1728 Ι

790 1961 942 1997 Ι---
1220 1961 1864 1996 ὶ----·-----
1875 1957 1975 1995 -Ι

2072 2083 2082 2296 l

346 2357 478 2428 ἀπὸ
514 2363 653 2426 τῶν
690 2357 947 2426 ἀνίσων
986 2359 1249 2446 μακέων
1288 2356 1414 2427 οὐκ
1440 2358 1939 2446 Ῐίσορροπέοντι,
1987 2355 2156 2424 ἀλλὰ
2195 2357 2382 2444 ῥέπει

346 2466 455 2535 ἐπὶ
498 2463 574 2535 τὸ
624 2465 755 2535 ἀπὸ
802 2471 925 2535 τοῦ
972 2471 1273 2554 μείζονος
1319 2465 1578 2552 μάκεος.
1653 2463 1766 2533 διὰ
1816 2462 1899 2550 δὴ
1940 2467 2148 2532 ταῦτα
2186 2462 2377 2532 ἐλάσ-

240 2591 309 2642 15
348 2592 489 2641 σων
536 2571 716 2640 ἐστὶν
766 2569 807 2639 ἆ
844 2578 987 2640 ΛΓ
1018 2577 1136 2652 τᾶς
1182 2578 1321 2641 ΓΒ.
1365 2611 1442 2622 -
1495 2570 1798 2659 φανερὸν
1846 2572 1942 2656 δέ,
1990 2567 2093 2639 ὅτι
2137 2570 2252 2637 καὶ
2294 2569 2379 2636 τὰ

344 2677 479 2746 άπὸ
515 2683 654 2747 τῶν
692 2678 951 2748 άνίσων
987 2680 1253 2767 μακέων
1291 2679 1774 2767 ἰσορροπέοντα
1811 2675 2017 2744 ἄνισά
2057 2678 2218 2762 ἐντι,
2264 2675 2378 2744 καὶ

344 2784 572 2872 μεῖζόν
620 2788 756 2854 ἐστι
802 2784 878 2854 τὸ
928 2783 1058 2854 ἀπὸ
1106 2789 1229 2854 τοῦ
1277 2783 1660 2864 ἐλάσσονος.

1315 2997 1404 3066 δ’.

483 3129 579 3190 El'
624 3148 710 3189 κα
765 3121 891 3191 δύο
950 3131 1062 3190 ἴσα
1119 3124 1408 3211 μεγέθεα
1453 3121 1542 3211 μὴ
1589 3121 1665 3192 τὸ
1715 3120 1880 3192 αὐτὸ
1927 3122 2207 3209 κέντρον
2254 3124 2378 3188 τοῦ

240 3231 311 3282 20
346 3227 591 3317 βάρεος
636 3233 895 3315 ἔχωντι,
940 3233 1062 3296 τοῦ
1110 3231 1176 3309 ἐξ
1222 3227 1626 3317 ἀμφοτέρων
1669 3233 1807 3298 τῶν
1844 3229 2188 3315 μεγεθέων
2225 3245 2380 3314 συγ-

494 3449 541 3498 1.
579 3438 635 3512 γ’
704 3441 766 3496 α’
807 3444 865 3498 et
901 3439 958 3501 ς’
996 3441 1058 3497 F.
1241 3449 1291 3496 3.
1330 3441 1545 3514 μεῖζον]
1591 3459 1695 3512 per
1741 3458 1920 3512 comp.
1959 3441 2030 3510 F,
2075 3443 2142 3496 ut
2185 3431 2377 3497 lins4.

348 3443 673 3585 iadooovocj]
722 3531 826 3584 per
870 3531 1047 3586 comp.
1088 3512 1169 3584 (in
1206 3513 1440 3582 rasura),
1475 3512 1546 3582 F,
1591 3517 1658 3568 ut
1691 3512 1792 3568 lin.
1833 3519 1884 3580 6,
1923 3517 1972 3569 7.
2152 3517 2202 3570 7.
2239 3507 2376 3584 γάρ]
