2659 3967
806 176 903 232 DE
942 175 1185 232 mes
1222 175 1666 233 SPIRALIBUS.
2112 173 2236 240 121

207 322 417 406 plana
488 321 1055 388 circumscribatur
1124 341 1204 387 ex
1264 321 1592 389 similibus
1655 322 2014 388 sectoribus
2075 342 2245 388 com-

208 427 463 513 posita,
514 429 613 494 ita
664 433 743 495 ut
795 429 1011 515 figura
1062 429 1554 514 circumscripta
1597 429 1886 514 spatium
1929 428 2093 493 illud
2139 449 2244 492 ex·

211 533 405 598 cedat
449 533 663 619 spatio
710 535 980 620 minore,
1026 555 1221 620 quam
1267 539 1514 619 quanto
1561 537 1774 600 sector
1811 538 1927 603 QX
1957 534 2243 618 spatium

210 639 383 706 illud
444 641 696 706 excedit
757 644 967 727 [prop.
1022 641 1156 723 23].
1247 641 1820 708 circumscribatur
1879 641 2113 728 igitur,
2175 644 2246 706 et

213 751 571 832 sectorum,
633 769 714 813 ex
776 748 1012 834 quibus
1074 749 1286 834 figura
1345 749 1832 832 circumscripta
1884 747 2248 832 composita

215 858 347 938 est,
400 855 725 920 maximus
779 854 869 918 sit
909 856 1146 939 ΘΑΚ,
1197 853 1506 920 minimus
1561 857 1782 921 autem
1826 858 2048 919 ΘΟΔ.
2137 853 2247 919 ad-

212 965 410 1046 paret
466 961 699 1047 igitur,
761 961 1041 1046 figuram
1106 960 1660 1045 circumscriptam
1723 961 2040 1028 minorem
2102 981 2246 1026 esse

215 1069 473 1132 sectore
517 1071 634 1136 QX
672 1069 764 1152 [p.
804 1068 930 1133 101
967 1070 1105 1132 not.
1145 1069 1231 1149 1].
1303 1068 1742 1152 producantur
1786 1067 1992 1154 igitur
2034 1067 2244 1132 lineae
2289 1069 2293 1073 ’

217 1173 522 1257 aequales
578 1174 851 1259 ang-ulos
909 1173 993 1239 ad
1036 1177 1354 1257 punctum
1399 1177 1459 1239 Θ
1504 1174 1852 1241 efficientes
1899 1195 2104 1260 usque
2149 1195 2248 1260 eo,

212 1282 295 1343 ut
338 1278 423 1344 ad
466 1279 786 1345 ambitum
832 1279 1101 1346 sectoris
1136 1283 1270 1345 ΘΛ
1280 1284 1337 1344 Ζ
1380 1281 1784 1365 perueniant.
1855 1284 2007 1345 sunt
2041 1280 2248 1366 igitur

212 1384 426 1450 lineae
498 1385 813 1470 quaedam
888 1386 1146 1472 aequali
1208 1388 1422 1471 spatio
1486 1387 1660 1452 inter
1722 1407 1792 1452 se
1855 1386 2250 1470 excedentes,

216 1511 387 1574 quae
432 1513 475 1556 a
515 1496 757 1578 puncto
802 1495 863 1558 Θ
905 1493 988 1559 ad
1035 1493 1343 1577 spiralem
1389 1493 1622 1560 ductae
1666 1495 1819 1558 sunt
1865 1494 2075 1577 [prop.
2116 1493 2248 1577 12],

216 1620 493 1683 quarum
555 1599 844 1664 maxima
904 1602 1008 1664 est
1060 1603 1217 1684 ΘΑ,
1278 1599 1554 1665 minima
1615 1602 1836 1664 autem
1897 1603 2042 1664 ΘΕ.
2134 1599 2246 1664 sed

217 1704 421 1770 etiam
476 1705 641 1770 aliae
694 1705 903 1771 lineae
959 1709 1141 1789 sunt,
1193 1726 1466 1771 numero
1519 1727 1654 1770 una
1707 1703 2044 1789 pauciores
2091 1703 2247 1788 illis,

218 1810 671 1897 magnitudine
726 1814 944 1876 autem
1000 1815 1068 1877 et
1110 1811 1285 1876 inter
1330 1832 1400 1875 se
1447 1815 1516 1876 et
1559 1811 1880 1875 maximae
1926 1811 2250 1895 aequalesj

216 1939 383 2002 quae
438 1940 479 1982 a
531 1921 773 2002 puncto
818 1922 875 1982 Θ
931 1917 1012 1982 ad
1068 1918 1390 1983 ambitum
1445 1917 1714 1984 sectoris
1759 1921 1960 1982 ΑΘΖ
2013 1917 2246 1982 ductae

218 2027 403 2109 sunt,
421 2040 425 2044 ’
445 2027 705 2108 praeter
750 2028 901 2104 ΘΖ,
960 2028 1027 2090 et
1070 2026 1143 2090 in
1190 2025 1491 2091 omnibus
1536 2023 1752 2109 lineis,
1799 2027 1866 2090 et
1910 2023 2022 2109 iis,
2080 2046 2246 2108 quae

214 2130 391 2196 inter
426 2151 501 2196 se
537 2134 606 2195 et
638 2131 961 2196 maximae
998 2131 1301 2217 aequales
1340 2135 1510 2217 sunt,
1547 2135 1615 2197 et
1648 2131 1749 2216 iis,
1788 2153 1950 2217 quae
1989 2129 2247 2215 aequali

217 2237 435 2321 spatio
499 2238 671 2303 inter
726 2259 795 2303 se
850 2238 1192 2317 excedunt,
1248 2238 1495 2303 similes
1555 2241 1836 2304 sectores
1891 2237 2248 2303 constructi

219 2347 398 2429 sunt,
452 2344 525 2409 in
567 2347 700 2410 ΘΕ
750 2348 967 2410 autem
1022 2344 1241 2410 nullus
1297 2347 1706 2410 constructus
1754 2347 1870 2408 est.
1959 2347 2244 2410 sectores

216 2451 427 2536 igitur
466 2451 537 2514 in
578 2451 769 2515 lineis
804 2452 873 2515 et
905 2450 1077 2515 inter
1114 2471 1184 2514 se
1220 2453 1288 2514 et
1321 2449 1642 2515 maximae
1680 2449 2060 2534 aequalibus
2100 2470 2246 2514 con-

217 2557 457 2622 structi
518 2557 599 2621 ad
655 2560 939 2622 sectores
992 2556 1063 2621 in
1116 2555 1307 2621 lineis
1364 2557 1626 2641 aequali
1681 2555 1894 2640 spatio
1949 2554 2123 2620 inter
2177 2576 2246 2620 se

218 2661 680 2728 excedentibus
738 2665 1144 2728 constructos
1190 2665 1452 2746 praeter
1499 2664 1815 2729 sectorem
1861 2662 1930 2727 in
1974 2661 2248 2726 minima

218 2771 664 2834 constructum
710 2768 1031 2834 minorem
1077 2769 1402 2834 rationem
1448 2768 1712 2852 habent,
1758 2789 1952 2852 quam

384 2871 553 2939 ΘΑ’ι
581 2897 597 2940 :
624 2879 757 2939 ΑΘ
784 2890 869 2943 ><
898 2877 1031 2939 ΘΕ
1054 2877 1137 2958 -Ι-
1167 2872 1378 2958 ᾒΓΕΖει
1424 2876 1632 2958 [prop.
1683 2873 1762 2937 11
1813 2873 2081 2954 coroll.].

219 2981 334 3046 sed
378 2979 738 3046 sectoribus
784 2982 854 3046 in
898 2981 1091 3046 lineis
1138 2985 1207 3046 et
1238 2981 1411 3046 inter
1449 3000 1517 3044 se
1555 2984 1622 3045 et
1655 2979 1976 3044 maximae
2015 3001 2245 3064 aequa.-

218 3173 443 3244 scripsi3
488 3193 552 3229 το
588 3172 659 3242 F,
706 3174 897 3244 uulgo.
1079 3179 1163 3230 13.
1202 3191 1281 3226 ων
1316 3172 1388 3242 F,
1416 3172 1608 3260 uulgo.
1791 3176 1874 3226 14.
1914 3174 2084 3227 ελασσ
2120 3189 2249 3228 cum

216 3261 339 3302 eom
385 3283 402 3298 .
441 3264 523 3299 mv
556 3244 627 3313 F,
676 3245 874 3316 uulgo3
923 3261 1063 3300 corr.
1102 3215 1404 3311 Torellius’3
1444 3239 1713 3306 ἕλασσους
1747 3242 1820 3310 B3
1861 3238 2122 3298 ἐλάσσονι
2158 3243 2247 3300 ed.

212 3262 387 3371 Βαιὶἷ
500 3321 583 3370 15.
624 3319 884 3384 nazanzum
919 3316 989 3383 F3
1038 3331 1176 3371 corr.
1216 3285 1512 3381 Τοτο111υε,
1545 3317 1615 3370 ut
1647 3284 2246 3370 1111.19.17.α’να-

214 3382 607 3456 νενράφονται
642 3385 937 3442 Torellius.
1121 3391 1205 3441 18.
1241 3404 1433 3455 τομεις
1467 3385 1531 3454 F,
1567 3385 1761 3456 uulgo.
1931 3389 2016 3438 25.
2054 3378 2119 3437 τό
2157 3384 2246 3455 τε]

214 3457 441 3596 ÷ctipd3
476 3475 550 3582 vg
584 3455 747 3583 nuFi¹3
782 3457 974 3527 uulgo.
1121 3460 1209 3512 27.
1245 3471 1512 3527 τσμευσιν
1549 3454 1612 3526 F,
1647 3455 1840 3526 uulgo
1985 3456 2250 3523 αλληλαις

324 3543 464 3584 corr.
552 3543 651 3584 ore
714 3545 797 3584 us.
