2659 3967
383 146 473 209 24
1143 147 1319 197 ΠΕΡΙ
1355 144 1652 199 ΕΛῙΚῼΝ.
1687 171 1704 187 -

1358 284 1443 357 ς’.

517 394 800 462 Κύκλου
845 394 1173 475 δοθέντος
1216 392 1329 459 καὶ
1376 394 1451 461 ἐν
1498 394 1588 483 τῷ
1625 390 1849 482 κύκλῳ
1887 395 2194 481 γραμμάς
2231 392 2420 461 ἐλάσ-

386 520 590 580 σονος
646 503 766 579 τοῖς
820 500 1181 587 διαμέτρου
1236 494 1534 567 δυνατὸν
1590 494 1722 563 ἀπὸ
1779 500 1901 564 τοῦ
1957 498 2240 587 κέντρου
2294 502 2420 566 τοῦ

384 605 638 674 κύκλου
692 606 845 675 ποτὶ
897 603 1025 673 τὰν
1083 604 1517 693 περιφέρειαν
1581 600 1795 673 αὐτοῦ
1858 608 2246 691 ποτιβαλεῖν
2311 603 2422 673 εὗ-

316 727 349 777 5
386 720 590 779 θεῖαν
645 712 1023 798 τέμνουσαν
1076 708 1204 778 τάν
1260 710 1333 777 ἐν
1381 709 1473 801 τῷ
1519 708 1742 801 κύκλῳ
1792 711 2166 797 δεδομέναν
2211 736 2421 799 γραμ-

386 816 554 904 μάν,
627 815 797 887 ὥστε
860 813 987 883 τὰν
1050 812 1567 902 άπολαφθεῖσαν
1631 812 1911 883 εὐθεῖαν
1985 812 2230 902 μεταξὺ
2301 820 2424 897 τᾶς

386 912 809 1013 ἑτεριφερείας
861 924 974 990 καὶ
1026 925 1147 1003 τοῖς
1200 920 1472 1001 εὐθείας
1522 926 1643 1002 τᾶς
1698 924 1773 991 ἐν
1819 926 1911 1014 τῳ
1957 922 2181 1014 κύκλῳ
2229 926 2421 991 δεδο-

386 1031 590 1118 μένας
641 1030 793 1098 ποτὶ
858 1028 984 1097 τάν
1041 1031 1544 1121 ἐπιζευχθεῖσαν
1600 1026 1732 1097 άπὸ
1787 1033 1912 1098 τοῦ
1966 1030 2250 1117 πέρατος
2300 1032 2424 1109 τᾶς

385 1132 875 1218 ποτιπεσούσας
918 1137 1042 1202 τοῦ
1091 1135 1197 1201 ἐπὶ
1242 1138 1363 1215 τᾶς
1407 1138 1831 1229 περιφερείας
1876 1134 2030 1201 ποτὶ
2074 1133 2149 1204 τὸ
2189 1137 2422 1226 ἕτερον

283 1259 352 1309 10
387 1242 592 1332 πέρας
649 1242 767 1325 τᾶς
826 1241 900 1308 ἐν
953 1243 1045 1333 τῷ
1100 1239 1323 1330 κύκλῳ
1373 1234 1739 1328 δεδομένας
1784 1236 2057 1322 εὐθείας
2101 1239 2224 1310 τὸν
2269 1268 2421 1331 ταχ-

386 1349 597 1417 θέντα
652 1346 864 1433 λόγον
912 1350 1119 1433 ἔχειν,
1179 1352 1247 1413 εἴ
1282 1371 1369 1413 κα
1416 1342 1452 1414 ὁ
1503 1346 1736 1424 δοθεὶς
1777 1346 1981 1434 λόγος
2026 1346 2330 1417 ἐλάσσων
2377 1340 2422 1437 ᾖ

387 1456 541 1539 τοῦ,
607 1450 689 1521 ὃν
744 1456 878 1541 ἔχει
931 1445 976 1520 ά
1032 1446 1300 1538 ἡμίσεια
1354 1454 1472 1531 τᾶς
1527 1452 1600 1518 ἐν
1647 1455 1737 1544 τῷ
1783 1452 2007 1545 κύκλῳ
2055 1455 2425 1541 δεδομένας

386 1560 540 1655 ποτὶ
583 1560 709 1628 τάν
756 1556 888 1627 άπὸ
935 1560 1058 1626 τοῦ
1093 1558 1377 1647 κέντρου
1403 1556 1699 1626 κάθετον
1729 1554 1830 1625 ἐπ’
1855 1557 2070 1629 αὐτὰν
2099 1558 2422 1648 ἆγμέναν.

522 1662 836 1735 δεδόσθω
880 1664 1127 1745 κύκλος
1172 1660 1210 1731 ὃ
1248 1668 1470 1749 ΑΒΓ,
1516 1665 1798 1753 κέντρον
1845 1666 1922 1734 δὲ
1963 1664 2176 1735 αὐτοῦ
2221 1665 2300 1735 τὸ
2330 1674 2421 1756 Κ,

278 1790 349 1839 15
385 1772 499 1839 καὶ
546 1774 620 1844 ἐν
666 1770 847 1864 αὐτῷ
894 1770 1207 1841 δεδόσθω
1254 1766 1492 1838 εὐθεῖα
1538 1769 1842 1869 ἐλάσσων
1894 1776 2013 1853 τᾶς
2058 1774 2426 1863 διαμέτρου

388 1875 432 1945 ἆ
478 1882 631 1965 ΓΛ,
677 1877 791 1945 καὶ
835 1876 1057 1964 λόγος,
1105 1873 1189 1944 ὃν
1235 1880 1368 1963 ἔχει
1416 1871 1460 1941 ἆ
1497 1884 1552 1943 Ζ
1597 1876 1750 1943 ποτὶ
1789 1883 1881 1963 Η,
1928 1877 2232 1948 ἐλάσσων
2275 1884 2426 1967 τοῦ,

390 1980 474 2053 ὃν
520 1987 653 2075 ἔχει
699 1980 743 2049 ἆ
777 1989 904 2053 ΓΘ
947 1984 1101 2051 ποτὶ
1145 1978 1271 2049 τάν
1299 1986 1372 2049 K
1378 1987 1457 2067 Θ,
1502 1982 1794 2051 καθέτου
1841 1982 2082 2065 ἐούσας
2126 1989 2244 2065 τᾶς
2270 1992 2340 2055 Κ
2347 1994 2423 2056 Θ.

390 2086 583 2178 ἅχθω
631 2086 707 2155 δὲ
752 2084 884 2155 άπὸ
931 2089 1054 2154 τοῦ
1097 2086 1383 2178 κέντρου
1426 2084 1607 2175 παρὰ
1653 2084 1778 2155 τάν
1823 2093 1961 2156 ΛΓ
1998 2086 2041 2155 ἆ
2088 2096 2263 2180 ΚΝ,
2308 2094 2425 2161 καὶ

1457 2196 1539 2283 τᾷ
1568 2197 1710 2261 ΚΓ
1747 2191 1895 2262 ποτ’
1948 2192 2165 2284 ὀρθὰς
2201 2195 2245 2265 ἆ
2277 2204 2424 2267 ΓΛ.

284 2319 354 2369 20
444 2304 1215 2368 ff————-—--——
1458 2295 1659 2385 ὁμοῖα
1725 2298 1810 2385 δή
1872 2302 2008 2369 ἐστι
2061 2300 2146 2369 τὰ
2200 2302 2425 2391 ΓΘΚ,

582 2408 663 2463 Β
1195 2476 1203 2483 .
1456 2410 1592 2473 ΓΚ
1597 2412 1662 2473 Λ
1695 2410 2008 2494 τρίγωνα.
2055 2412 2239 2476 ἔστιν
2271 2400 2426 2495 οὖν,

1459 2508 1550 2591 ὥς
1604 2509 1646 2579 ἆ
1702 2517 1837 2580 ΓΘ
1888 2514 2041 2580 ποτὶ
2095 2512 2221 2582 τὰν
2267 2521 2423 2602 ΘΚ,

959 2589 1374 2734 μ
1458 2614 1673 2697 οὕτως
1710 2613 1752 2685 ἆ
1781 2623 1923 2686 ΚΓ
1949 2620 2103 2687 ποτὶ
2129 2645 2258 2687 ταν
2284 2625 2425 2689 ΓΛ.

1004 2757 1078 2819 A
1341 2757 1433 2817 N
1458 2721 1793 2792 ἐλάσσονα
1848 2750 1982 2813 αρα
2036 2724 2246 2815 λόγον
2291 2730 2426 2815 ἔχει

1457 2824 1501 2895 ἆ
1539 2835 1594 2896 Ζ
1639 2828 1791 2896 ποτὶ
1827 2855 1952 2898 ταν
1988 2837 2080 2917 H,
2127 2826 2171 2918 ’ἢ
2209 2828 2254 2900 ἆ
2291 2836 2437 2901 ΚΓ

1458 2933 1612 3003 ποτὶ
1649 2932 1774 3004 τάν
1801 2940 1940 3007 ΓΛ.
1988 2932 2071 3004 ὃν
2100 2934 2185 3025 δὴ
2215 2937 2424 3025 λόγον

392 3045 525 3127 ἔχει
572 3037 616 3107 ἆ
665 3048 720 3107 Ζ
766 3040 947 3109 ποτὶ
963 3040 1089 3110 τάν
1135 3048 1236 3126 Η,
1282 3044 1530 3109 τοῦτον
1578 3041 1774 3130 ἐχέτω
1821 3038 1866 3109 ἆ
1911 3046 2054 3109 ΚΓ
2089 3042 2244 3109 ποτὶ
2289 3046 2426 3129 μεί-

397 3152 556 3227 ζονα
598 3148 717 3225 τᾶς
760 3150 897 3214 ΓΛ.
974 3147 1170 3235 ἐχέτω
1215 3146 1370 3213 ποτὶ
1415 3144 1543 3216 τὰν
1571 3152 1728 3215 ΒΝ.
1791 3151 2044 3216 κείσθω
2093 3147 2168 3217 δὲ
2213 3144 2255 3217 ἆ
2286 3155 2436 3216 ΒΝ

395 3251 640 3339 μεταξὺ
694 3252 813 3332 τᾶς
866 3256 1290 3340 περιφερείας
1347 3252 1461 3321 καὶ
1513 3255 1633 3331 τᾶς
1687 3248 1960 3332 εὐθείας
2014 3250 2129 3321 διὰ
2173 3256 2297 3322 τοῦ
2341 3260 2427 3321 Γ·

540 3418 623 3468 10.
661 3409 890 3501 πέρας]
944 3431 1073 3495 ερος
1106 3410 1179 3478 F,
1214 3427 1354 3469 corr.
1394 3411 1691 3469 Toranius.
1802 3417 1886 3466 11.
1926 3411 2025 3482 κα]
2067 3411 2175 3467 sori
2217 3411 2289 3480 εἰς
2328 3432 2430 3467 και

392 3482 456 3550 F,
493 3483 686 3589 uulgo,
850 3474 890 3555 ᾖ
954 3482 1178 3554 εοῐίρείς
1216 3502 1289 3553 ην
1324 3482 1388 3553 F,
1423 3484 1614 3554 uulgo.
1753 3488 1848 3539 18.
1887 3501 2150 3554 “wem
2233 3498 2430 3551 ;.corr
