2659 3967
431 191 516 255 16
1184 196 1364 247 ΠΕΡΙ
1397 194 1695 249 ΕΛῙΚΩΝ.

422 338 677 403 κείσθω
725 330 762 403 6
810 331 1055 422 χρόνος
1100 330 1139 402 6
1187 342 1332 403 ΖΗ
1360 336 1436 402 ἐν
1479 338 1571 427 τῷ
1609 334 1838 427 χρόνῳ.
1877 339 1970 427 τῷ
2007 342 2176 403 ΛΗ·
2234 333 2466 417 ὁσάκις

424 439 503 508 δὲ
540 444 895 527 ·συγκείται
950 436 994 507 ἁ
1049 446 1118 506 A
1134 448 1199 507 E
1247 438 1518 529 γραμμὰ
1577 442 1650 509 ἐν
1703 443 1785 529 τᾷ
1844 449 1910 507 A
1924 448 2013 527 Β,
2068 442 2465 524 τοσαυτάκις

702 660 749 709 Α
1000 617 1005 652 ¹
1132 682 1137 687 -
1276 618 1281 653 ¹
1539 617 1593 707 ἰή
1804 618 2210 717 Δ’“““ὲῗ““’“ὲ

426 977 807 1057 συγκείσθω
856 969 893 1041 6
933 980 1077 1042 ΘΗ
1108 972 1352 1063 χρόνος
1397 976 1477 1042 ἐν
1518 978 1612 1067 τῷ
1650 981 1806 1042 ΚΗ
1841 973 2096 1065 χρόνῳ.
2149 974 2292 1042 ἐπεὶ
2337 965 2467 1043 οὖν

425 1074 769 1145 ὑποκείται
828 1077 902 1147 τὸ
960 1092 1259 1166 σαμεῖον·
1294 1082 1651 1167 ἰσοταχέως
1705 1082 2070 1167 ἑνηνέχθαι
2129 1078 2294 1147 κατὰ
2345 1084 2466 1159 τᾶς

352 1206 389 1255 ὅ
427 1190 561 1250 AB
610 1188 946 1272 γραμμαῖς,
991 1189 1233 1273 δῆλον,
1282 1182 1402 1272 ὥς,
1450 1188 1525 1253 ἐν
1573 1185 1710 1255 ὅσω
1758 1186 1981 1278 χρόνῳ
2027 1184 2152 1254 τὰν
2188 1192 2314 1255 ΓΔ
2359 1188 2463 1254 έν-

424 1290 727 1376 ηνέκται,
778 1293 852 1359 ἐν
896 1290 1195 1382 τοσούτῳ
1241 1292 1355 1359 καὶ
1401 1290 1689 1361 ἕκάσταν
1737 1294 2082 1379 ἐνηνέκται
2126 1294 2253 1361 τᾶν
2305 1300 2461 1361 ἴσαν

425 1400 505 1486 τᾷ
550 1401 694 1464 ΓΔ.
786 1396 1089 1486 φανερὸν
1135 1389 1263 1467 οὖν
1273 1450 1293 1485 ,
1351 1396 1456 1468 ὅτι
1500 1399 1614 1466 καὶ
1658 1400 2101 1485 συγκειμέναν
2149 1397 2276 1466 τάν
2321 1408 2388 1467 Α
2399 1407 2465 1465 A

426 1502 741 1590 γραμμὰν
796 1504 871 1571 ἐν
924 1502 1223 1596 τοσούτῳ
1279 1503 1502 1597 χρόνῳ
1551 1506 1928 1591 ἐνηνέκται,
1983 1502 2142 1585 ὅσος
2197 1504 2376 1573 ἐστὶν
2426 1500 2462 1572 6

429 1614 491 1675 A
500 1614 575 1675 H
625 1607 897 1696 χρόνος,
963 1609 1189 1697 ἐπειδὴ
1256 1611 1654 1692 τοσαυτάκις
1717 1617 2056 1699 συγκείται
2109 1609 2157 1678 ἅ
2215 1636 2284 1678 τε
2338 1616 2464 1678 ΓΔ

318 1736 388 1786 10
425 1714 697 1803 γραμμὰ
763 1718 837 1784 ἐν
899 1720 981 1807 τᾷ
1034 1726 1179 1787 AA
1240 1722 1546 1807 γραμμᾷ,
1609 1718 1722 1785 καὶ
1789 1715 1825 1786 6
1884 1724 2029 1786 ΖΗ
2081 1716 2326 1805 χρόνος
2390 1720 2464 1785 ἐν

424 1824 519 1913 τῷ
568 1828 631 1888 Λ
639 1828 714 1889 H
753 1821 994 1915 χρόνῳ.
1088 1823 1201 1891 διὰ
1248 1822 1460 1893 ταύτὰ
1507 1822 1592 1911 δὴ
1637 1824 1751 1891 καὶ
1796 1822 1922 1892 τάν
1966 1831 2025 1891 Β
2036 1832 2104 1891 A
2147 1822 2466 1913 γραμμὰν

426 1928 502 1994 ἐν
546 1927 847 2017 τοσούτῳ
904 1926 1125 2019 χρόνῳ
1181 1928 1259 1997 τὸ
1316 1943 1594 2015 σαμεῖον
1642 1930 2016 2016 ἐνηνέκται,
2071 1928 2230 2009 ὅσος
2284 1928 2465 1997 ἐστὶν

422 2028 465 2099 6
513 2037 662 2099 KH
706 2032 965 2120 χρόνος.
1038 2033 1180 2101 ἐπεὶ
1228 2026 1356 2103 οὖν
1403 2040 1642 2121 μείζων
1689 2035 1871 2104 ἐστὶν
1914 2032 1960 2101 ,ἆ
2006 2042 2149 2102 AA
2193 2033 2462 2123 γραμμὰ

422 2141 544 2217 τοῖς
578 2145 736 2225 ΒΛ,
781 2141 1027 2225 δῆλον,
1075 2136 1179 2206 ὅτι
1228 2141 1301 2207 ἐν
1347 2144 1609 2232 πλείονι
1649 2141 1872 2232 χρόνῳ
1909 2138 1986 2207 τὸ
2026 2154 2305 2227 σαμεῖον
2337 2139 2466 2209 τὰν

323 2269 391 2318 15
432 2252 573 2311 AA
619 2246 1084 2333 διαπορευέται
1129 2245 1475 2334 γραμμάν,
1522 2242 1566 2333 ἢ
1613 2245 1742 2315 τάν
1786 2254 1939 2315 BA.
2013 2244 2183 2315 ὥστε
2230 2243 2266 2314 6
2313 2246 2466 2336 χρό-

426 2377 544 2430 νος
591 2347 628 2420 ὁ
677 2357 829 2418 ΛΗ
873 2357 1113 2439 μείζων
1170 2352 1308 2420 ἐστὶ
1354 2358 1478 2421 τοῦ
1525 2360 1681 2422 ΚΗ
1723 2354 1995 2444 χρόνου.
2086 2350 2334 2439 ὁμοίως
2389 2354 2466 2423 δὲ

427 2458 885 2543 ὃειχθησέται,
936 2458 1049 2525 καὶ
1094 2466 1162 2526 εἴ
1198 2484 1283 2525 κα
1330 2461 1402 2527 ἐκ
1436 2464 1574 2528 τῶν
1620 2460 1888 2549 χρόνων
1930 2464 2070 2529 τῶν
2116 2466 2280 2546 ΖΗ,
2326 2467 2466 2528 ΗΘ

428 2562 875 2630 συντεθέωντι
938 2562 1174 2652 χρόνοι
1236 2562 1398 2632 καθ’
1467 2561 1794 2636 ἆντινοῦν
1865 2565 2225 2653 σύνθεσιν,
2301 2564 2466 2635 ὥστε

424 2664 776 2757 ὑπερέχειν
821 2667 942 2737 τὸν
988 2670 1217 2758 ἕτερον
1262 2674 1389 2737 τοῦ
1437 2670 1697 2759 ἑτέρου,
1745 2669 1849 2739 ὅτι
1875 2671 2005 2738 καὶ
2049 2674 2178 2739 τᾶν
2224 2674 2295 2739 ἐκ
2337 2675 2464 2739 τᾶν

315 2798 389 2847 20
426 2778 744 2863 γραμμᾶν
790 2779 915 2843 τᾶν
952 2781 1107 2861 ΓΔ,
1146 2783 1215 2843 A
1224 2782 1290 2844 E
1319 2774 1490 2845 κατὰ
1525 2774 1650 2843 τάν
1686 2773 1904 2843 αὐτὰν
1939 2776 2269 2845 σύνθεσιν
2307 2796 2464 2845 συν-

426 2886 745 2951 τεθεισᾶν
799 2879 1097 2971 ὑπερέξει
1154 2879 1197 2949 ἆ
1257 2880 1585 2970 ὁμόλογος
1638 2885 1732 2972 τῷ
1789 2879 2179 2972 ὑπερέχοντι
2225 2886 2466 2975 χρόνῳ.

430 2992 641 3073 δῆλον
689 2980 845 3075 οὖν,
894 2987 997 3058 ὅτι
1041 2988 1164 3058 τὸν
1212 2988 1425 3073 αὐτὸν
1467 2990 1596 3070 ἕξει
1642 2986 1852 3074 λόγον
1895 2986 1936 3057 ἆ
1976 2995 2102 3057 ΓΔ
2145 2989 2296 3057 ποτὶ
2341 2986 2466 3057 τάν

428 3100 597 3180 ΔΕ,
658 3089 739 3161 ὃν
794 3090 831 3161 6
888 3094 1133 3184 χρόνος
1186 3092 1225 3163 6
1274 3102 1416 3163 ΖΗ
1459 3095 1612 3163 ποτὶ
1665 3092 1788 3165 τὸν
1843 3095 2096 3185 χρόνον
2145 3094 2266 3164 τὸν
2311 3102 2466 3165 ΗΘ.

575 3383 622 3435 1.
671 3395 813 3432 οσακ
860 3394 986 3431 cum
1031 3393 1211 3445 comp.
1261 3396 1327 3445 ης
1361 3344 1534 3444 Fsut
1569 3378 1667 3435 lin.
1706 3384 1768 3448 2,
1805 3384 1856 3433 9.
2003 3386 2053 3435 6.
2104 3396 2363 3435 τωσουτω
2403 3380 2463 3433 F.

425 3465 601 3503 εκαστ
640 3466 767 3503 cum
804 3462 985 3519 comp.
1022 3468 1095 3516 ην
1131 3446 1201 3513 Ἐς
1238 3464 1377 3502 corr.
1417 3448 1712 3505 Torelliue.
1855 3456 1936 3506 11.
1973 3446 2045 3505 τὰ
2085 3445 2234 3505 αὖτά
2271 3450 2464 3505 Torel·

430 3518 556 3575 line.
704 3522 793 3575 17.'
826 3521 965 3574 αἴκα
1002 3517 1307 3587 'roz-ellim,
1347 3520 1413 3572 ut:
1446 3518 1564 3574 fere
1599 3537 1838 3592 semper.
