2659 3967
423 173 512 239 52
1182 174 1359 225 Imm
1394 172 1693 225 ΕΛΙΚῼΝ.

423 323 931 403 περιενεχθεῖσα
993 311 1515 403 ἀποκατασταθῇ
1580 312 1817 398 πάλιν,
1890 310 2059 381 ὅθεν
2128 308 2465 400 ὥρμασεν,

422 418 563 508 ἆμά
623 420 701 488 δὲ
753 424 836 509 τᾷ
889 423 1162 510 γραμμᾷ
1217 420 1669 510 περιαγομένᾳ
1728 419 2017 508 φέρηταί
2062 442 2127 485 τι
2185 430 2467 504 σαμεῖον

426 527 783 614 ἰσοταχέως
842 524 1006 595 αὐτὸ
1068 527 1282 615 ἑαυτῷ
1346 523 1510 593 κατὰ
1574 527 1693 604 τᾷς
1756 522 2027 605 εὐθείας
2088 522 2471 613 ἀρξάμενον

425 632 552 701 ἀπὸ
601 636 725 701 τοῦ
771 633 1092 717 μένοντος
1145 632 1459 720 πέρατος,
1512 628 1589 699 τὸ
1650 643 1929 718 σαμεϊον
1984 631 2169 698 ἕλικα
2222 629 2469 719 γράψει

353 759 387 805 5
427 741 502 808 ἐν
546 741 639 831 τῷ
688 738 994 829 ἐπιπέδῳ.

559 843 648 930 β’.
721 851 1058 912 καλείσθω
1119 836 1247 912 οὐν
1304 842 1382 913 τὸ
1445 842 1569 931 μὲν
1628 844 1832 932 πέρας
1890 848 2007 923 τᾶς
2063 840 2335 923 εὐθείας
2389 840 2465 911 τὸ

1281 948 1896 975 222222

561 1054 649 1143 γ’.
729 1054 772 1123 ἆ
835 1056 912 1124 δὲ
968 1058 1162 1136 θέσις
1216 1060 1338 1137 τᾶς
1395 1060 1733 1146 γραμμᾷς,
1798 1053 1916 1143 ἀφ’
1976 1046 2059 1136 ἇς
2121 1053 2365 1144 ἄρξατο
2428 1051 2471 1119 ἆ

431 1158 668 1230 εὐθεῖα
711 1164 1226 1253 περιφερέσθαι,
1273 1160 1447 1251 ἀρχὰ
1496 1166 1615 1244 τᾶς
1658 1167 2047 1256 περιφορᾶς.

323 1290 396 1339 1ο
570 1268 658 1337 δ’.
732 1267 998 1356 εὐθεῖα,
1045 1266 1135 1338 ἂν
1181 1267 1304 1356 μὲν
1353 1271 1427 1337 ἐν
1471 1274 1554 1359 τᾷ
1601 1269 1832 1360 πρώτᾳ
1866 1271 2200 1358 περιφορᾷ
2239 1271 2473 1335 διαπο-

429 1378 646 1464 ρευθῇ
675 1374 752 1443 τὸ
783 1388 1061 1461 σαμετον
1088 1373 1165 1444 τὸ
1184 1374 1351 1444 κατὰ
1378 1379 1498 1456 τοῖς
1526 1374 1800 1455 εὐθείας
1818 1375 2220 1464 φερόμενον,
2241 1373 2473 1464 πρωτα

429 1486 799 1567 καλείσθω,
865 1478 953 1550 ᾷν
1013 1478 1077 1549 δ’
1142 1485 1215 1551 ἐν
1274 1486 1359 1571 τᾷ
1420 1484 1701 1573 δευτέρᾳ
1763 1484 2098 1571 περιφορᾷ
2160 1478 2237 1549 τὸ
2304 1476 2471 1548 αὐτὸ

432 1600 713 1674 σαμεῖον
760 1584 1083 1675 διανύσῃ,
1137 1588 1447 1675 δευτέρα,
1502 1586 1614 1653 καὶ
1662 1590 1737 1654 αἰ
1778 1586 1974 1655 ἄλλαι
2023 1584 2270 1673 ὁμοίως
2313 1584 2475 1654 ταύ-

431 1720 576 1773 ταις
623 1689 998 1780 ὁμωνύμως
1040 1706 1185 1774 ταϊς
1232 1706 1633 1783 περιφοραῖς
1674 1699 2163 1761 καλείσθωσαν.

328 1822 394 1871 15
563 1798 643 1868 ε’.
705 1796 783 1867 τὸ
833 1798 911 1866 δὲ
963 1804 1218 1888 χωρίον
1270 1798 1349 1867 τὸ
1396 1798 1816 1888 περιλαφθὲν
1870 1796 2005 1867 ὑπό
2050 1824 2121 1866 τε
2172 1788 2295 1879 τοῖς
2345 1800 2475 1866 ἕλι-
2512 1872 2519 1881 ,

428 1932 546 1986 κος
602 1908 722 1985 τᾶς
787 1906 860 1973 ἐν
921 1908 1003 1995 τᾷ
1063 1904 1294 1995 πρώτᾳ
1354 1910 1688 1995 περιφορᾷ
1746 1910 2117 1994 γραφείσας
2178 1905 2290 1972 καὶ
2353 1908 2477 1985 τοῖς

430 2010 734 2097 εὐθείας,
799 2008 844 2077 3
909 2013 1092 2079 ἐστιν
1155 2010 1416 2099 πρώτα,
1482 2016 1751 2099 πρῶτον
1812 2018 2183 2096 καλείσθω,
2254 2009 2333 2080 τὸ
2399 2010 2476 2079 δὲ

431 2114 852 2205 περιλαφθὲν
897 2113 1031 2185 ὑπό
1073 2143 1142 2185 τε
1177 2120 1297 2197 τᾶς
1336 2118 1554 2197 ἕλικος
1588 2121 1709 2197 τᾶς
1746 2120 1819 2187 ἐν
1856 2122 1937 2207 τᾷ
1978 2120 2257 2208 δευτέρᾳ
2293 2140 2478 2205 περι-

431 2227 616 2312 φορᾷ
662 2227 1032 2310 γραφείσας
1083 2223 1197 2291 καὶ
1242 2226 1362 2303 τοῖς
1408 2220 1678 2303 εὐθείας
1722 2228 1840 2303 τᾷς
1886 2224 2200 2311 δευτέρας
2253 2222 2477 2291 δεύτε-

325 2353 397 2401 20
435 2355 561 2416 ρον
605 2334 974 2413 καλείσθω,
1018 2329 1131 2397 καὶ
1176 2328 1257 2396 τὰ
1305 2327 1477 2396 ἄλλα
1522 2329 1671 2417 ἑξῆς
1717 2328 1895 2399 οὕτω
1942 2336 2299 2398 καλείσθω.

570 2436 651 2508 ς’.
713 2435 826 2501 καὶ
873 2443 940 2503 εἴ
977 2460 1061 2503 κα
1107 2432 1240 2503 ἀπὸ
1287 2439 1411 2503 τοῦ
1459 2442 1771 2524 σαμείου,
1820 2434 1860 2505 ὅ
1906 2438 2088 2505 ἐστιν
2134 2433 2307 2525 ἆρχὰ
2357 2440 2477 2515 τᾷς

433 2544 680 2628 ἕλικος,
736 2539 916 2629 ἀχθῇ
962 2567 1062 2621 τις
1108 2540 1345 2610 εὐθεῖα
1390 2541 1690 2632 γραμμᾷ,
1746 2546 1864 2623 τᾷς
1909 2539 2183 2622 εὐθείας
2231 2540 2479 2621 ταύτας

433 2648 514 2716 τὰ
565 2648 669 2718 ἐπὶ
714 2646 796 2715 τὰ
845 2644 1046 2734 αὐτοὶ,
1093 2646 1201 2736 ἐφ’
1252 2646 1298 2716 3
1343 2675 1428 2715 κα
1474 2646 1516 2716 ἆ
1562 2647 1899 2738 περιφορὰ
1955 2647 2258 2735 γενήται,
2315 2672 2478 2738 προ-

436 2754 779 2843 αγούμενα
823 2761 1193 2841 καλείσθω,
1239 2754 1323 2821 τὰ
1373 2754 1450 2823 δὲ
1496 2756 1601 2822 ἐπὶ
1646 2754 1905 2844 θάτερα
1951 2748 2262 2842 ἑπόμενα.

328 2882 400 2933 25
572 2861 647 2943 ζ’.
719 2860 760 2930 ὅ
812 2888 882 2930 τε
935 2862 1217 2950 γραφεὶς
1267 2860 1513 2941 κύκλος
1566 2863 1820 2956 κέντρῳ
1876 2862 1999 2949 μὲν
2051 2866 2146 2953 τῷ
2202 2866 2478 2953 σαμείω,

437 2966 478 3034 ὅ
525 2969 706 3033 ἐστιν
751 2964 924 3055 ἀρχὰ
969 2972 1089 3047 τοῖς
1127 2970 1374 3054 ἕλικος,
1423 2966 1819 3055 διαστήματι
1867 2967 1945 3036 δὲ
1987 2972 2069 3058 τᾷ
2118 2966 2386 3059 εὐθείᾳ,
2434 2965 2480 3033 3

438 3074 621 3139 ἐστιν
666 3072 924 3161 πρώτα,
970 3077 1232 3160 πρῶτος
1275 3080 1645 3162 καλείσθω,
1692 3072 1729 3143 ὃ
1779 3074 1856 3143 δὲ
1900 3074 2183 3164 γραφεὶς
2224 3076 2478 3166 κέντρῳ

581 3309 632 3358 3.
673 3322 844 3358 εαντο
889 3303 959 3370 F,
1007 3320 1144 3359 corr.
1184 3304 1343 3359 BQ*
1380 3287 1399 3304 ⁶
1561 3312 1644 3361 11.
1682 3301 1745 3360 τὸ
1784 3302 1969 3391 κατά]
2000 3301 2063 3359 τό
2119 3321 2227 3359 om.
2266 3305 2326 3361 F.
2364 3305 2481 3359 Nu·

437 3391 622 3429 meros
677 3374 798 3443 ipse
845 3345 1054 3429 add’idi.
1202 3382 1287 3431 23.
1333 3373 1406 3429 τὰ
1456 3372 1582 3448 ἐπί]
1631 3375 1855 3445 sex-ipah
1899 3373 1971 3430 τά
2018 3393 2130 3431 0111.
2178 3376 2244 3444 F,
2290 3376 2483 3445 uulgo·

442 3440 542 3513 ἐφ’
582 3439 622 3499 3
659 3445 760 3516 κα]
798 3445 1020 3514 addidi·
1072 3463 1181 3501 om.
1218 3446 1279 3513 F,
1319 3447 1509 3518 uulgo.
1690 3442 2122 3519 προαγοόμενα]
2162 3448 2217 3503 11.
2258 3464 2304 3504 e.
2343 3466 2483 3515 προ-

439 3511 748 3586 ηγούμενα,
787 3516 1012 3588 scripsi,
1048 3536 1417 3588 προαγομενα
1452 3518 1514 3588 F,
1555 3518 1743 3587 uulgo,

2640 3324 2645 3429 1
