2659 3967
357 179 452 243 40
1119 180 1295 231 ΠΕΡΙ
1329 178 1627 232 mmm«.

359 321 566 409 χωρὶς
608 323 728 401 τᾶς
766 328 830 387 Α
875 323 1217 387 ὃιπλασίαι
1256 319 1395 388 ἐντὶ
1429 322 1557 386 τᾶν
1594 325 1674 405 Β,
1713 324 1789 405 Γ,
1830 326 1918 404 A,
1957 325 2037 403 E,
2077 325 2153 404 Z,
2191 324 2283 405 Η,
2316 325 2391 388 Θ.

361 424 609 514 ὁμοίως
662 424 740 494 δὲ
793 425 905 494 καὶ
960 423 1037 493 τὸ
1094 421 1224 493 ἀπὸ
1277 427 1398 505 τᾶς
1446 432 1505 493 Β
1559 423 1981 512 τετράγωνον
2040 432 2193 492 ἴσον
2254 424 2393 493 ἐντὶ

359 536 452 625 τῷ
498 532 944 624 περιεχομένῳ
992 528 1124 599 ὑπό
1178 556 1248 599 τε
1292 534 1413 611 τᾶς
1457 538 1516 599 Θ
1566 530 1679 599 καὶ
1722 536 1842 612 τᾶς
1887 539 2035 611 ἴσας
2086 534 2168 621 τᾷ
2223 556 2291 599 τε
2332 538 2395 599 Β

359 637 472 705 καὶ
517 641 598 728 τᾷ
643 642 964 729 διπλασία
1007 640 1134 705 τᾶν
1170 643 1244 725 Γ,
1282 645 1372 724 Δ,
1410 644 1490 727 Ε,
1530 644 1608 723 Ζ,
1645 643 1736 725 Η,
1772 644 1848 705 Θ.
1917 636 2032 705 καὶ
2076 636 2276 705 πάλιν
2313 634 2393 705 τὸ

289 769 323 819 5
361 742 490 813 ἀπὸ
545 747 666 825 τᾶς
710 749 777 812 Γ
819 741 1244 832 τετράγωνον
1299 751 1452 811 ἴσον
1505 748 1597 836 τῷ
1650 740 1784 812 ὑπὸ
1840 747 1958 823 τᾶς
2002 749 2061 811 Θ
2112 743 2222 811 καὶ
2274 746 2400 824 τοῖς

361 859 510 931 ἴσας
561 854 643 940 τᾷ
698 874 768 918 τε
821 855 888 918 Γ
933 850 1046 918 καὶ
1099 852 1180 941 τᾷ
1236 854 1555 940 διπλασία
1607 853 1734 918 τᾶν
1781 858 1878 936 Δ,
1928 856 2011 937 Ε,
2058 856 2145 935 Ζ,
2182 854 2282 936 Η,
2319 855 2396 916 Θ.

362 953 609 1043 ὁμοίως
654 955 730 1025 δὲ
773 956 885 1023 καὶ
930 954 1012 1023 τὰ
1057 953 1190 1025 ἀπὸ
1235 960 1361 1025 τᾶν
1406 954 1623 1024 ἀλλᾶν
1668 956 2052 1045 τετράγωνα
2097 963 2210 1024 ἴσα
2255 954 2398 1023 ἐντὶ.

357 1074 501 1143 τοῖς
550 1062 1046 1151 περιεχομένοις
1097 1059 1231 1131 ὑπό
1286 1088 1357 1131 τε
1410 1067 1531 1143 τᾶς
1574 1070 1632 1131 Θ
1683 1050 1796 1131 καὶ
1849 1067 1969 1142 τοῖς
2022 1069 2170 1143 ἴσας
2222 1060 2399 1151 αὐτᾷ

358 1194 430 1235 τε
472 1167 586 1235 καὶ
637 1171 721 1257 τᾷ
777 1172 1096 1259 διπλασία
1146 1171 1275 1237 τᾶν
1320 1172 1580 1237 λοιπᾶν.
1675 1171 1888 1254 δῆλον
1944 1159 2103 1255 οὖν,
2158 1165 2261 1237 ὅτι
2311 1165 2394 1235 τὰ

254 1301 323 1351 10
359 1269 489 1342 ἀπὸ
537 1277 762 1342 πασᾶν
815 1274 1198 1363 τετράγωνα
1253 1282 1368 1342 ἴσα
1422 1274 1562 1343 ἐντὶ
1617 1278 1707 1365 τῷ
1760 1272 2205 1364 περιεχομένῳ
2258 1270 2397 1342 ὑπό

357 1406 428 1447 τε
471 1384 591 1460 τᾶς
625 1387 685 1448 Θ
727 1380 840 1449 καὶ
884 1384 1004 1460 τᾶς
1049 1388 1199 1461 ἴσας
1241 1380 1487 1461 πάσαις
1529 1384 1611 1470 τᾷ
1647 1406 1717 1447 τε
1755 1388 1819 1447 Α
1853 1379 1966 1447 καὶ
2000 1383 2082 1469 τᾷ
2126 1386 2400 1468 τριπλα-

358 1490 474 1576 σίᾳ
516 1489 636 1566 τᾶς
661 1493 720 1554 Β
764 1486 878 1555 καὶ
922 1488 1004 1576 τᾷ
1040 1491 1495 1577 πενταπλασία
1528 1490 1649 1565 τᾶς
1680 1491 1745 1553 Γ
1768 1484 1881 1554 καὶ
1916 1488 1998 1575 τᾷ
2034 1482 2200 1553 κατὰ
2238 1482 2405 1565 τοὺς

357 1592 509 1679 ἑξῆς
550 1589 890 1681 ἀριθμοὺς
935 1590 1297 1681 περισσοὺς
1335 1596 1799 1682 πολλαπλασίᾳ
1842 1594 1962 1671 τᾶς
2004 1591 2353 1679 ἑπομένας.

1206 1842 1555 1895 ΠΟΡῙΣΜΑ.

252 1982 322 2031 15
486 1960 596 2030 Ἐκ
639 1962 887 2031 τούτου
932 1955 1059 2031 οὖν
1107 1962 1439 2051 φανερόν,
1489 1961 1594 2032 ὅτι
1639 1960 1721 2029 τὰ
1756 1959 2142 2050 τετράγωνα
2177 1960 2399 2030 πάντα

355 2066 437 2136 τὰ
485 2065 614 2135 ἀπὸ
662 2071 789 2136 τᾶν
829 2071 987 2135 ι’σᾶν
1022 2072 1104 2157 τᾷ
1142 2070 1417 2157 μεγίστᾳ
1449 2072 1587 2137 τῶν
1624 2068 1749 2155 μὲν
1784 2066 2223 2157 τετραγώνων
2257 2072 2401 2137 τῶν

356 2172 490 2241 ἀπὸ
535 2176 661 2241 τᾶν
705 2177 798 2265 τῷ
846 2181 970 2265 ἴσῳ
1007 2171 1308 2241 ἄλλάλαν
1344 2170 1805 2263 ὖπερεχουσᾶν
1844 2174 2174 2243 ἐλάσσονά
2213 2176 2401 2243 ἐστιν

354 2275 399 2365 ἢ
443 2277 831 2367 τριπλάσια,
879 2276 1106 2366 ἐπειδὴ
1151 2278 1601 2367 ποτιλαβόντα
1645 2278 1799 2347 τινὰ
1835 2279 2193 2369 τριπλάσιά
2231 2282 2398 2366 ἐντι,

354 2388 492 2453 τῶν
537 2383 615 2452 δὲ
658 2388 915 2453 λοιπῶν
959 2385 1163 2474 χωρὶς
1205 2389 1329 2454 τοῦ
1376 2382 1507 2454 ἀπὸ
1553 2390 1671 2466 τᾶς
1714 2390 2027 2473 μεγίστας
2070 2386 2397 2474 τετραγώ-

249 2510 321 2560 20
354 2516 486 2559 νου
549 2494 820 2578 μείζονα
881 2486 926 2578 ᾖ
990 2488 1375 2580 τριπλάσια,
1450 2488 1677 2577 ἐπειδὴ
1741 2489 1823 2560 τὰ
1890 2493 2399 2580 ποτιλαφθέντα

357 2594 690 2665 ἐλάσσονά
753 2598 936 2665 ἐστιν
991 2592 1038 2685 ἢ
1099 2596 1457 2686 τριπλάσια
1517 2600 1640 2665 τοῦ
1704 2594 1837 2665 ἀπὸ
1901 2602 2022 2677 τᾶς
2082 2602 2401 2686 μεγίστας

495 2812 546 2863 ὅ.
585 2828 684 2879 της
724 2812 778 2863 Γ
807 2808 878 2877 Ἐς
922 2824 1060 2865 eorr.
1099 2807 1393 2864 Torelliun.
1536 2802 1653 2863 ὖπό
1690 2826 1749 2863 τε
1788 2808 1891 2871 τᾶς
1929 2809 1979 2863 Θ
2014 2809 2075 2865 Β.
2220 2816 2272 2865 6.
2309 2810 2392 2881 A]

351 2895 460 2934 om.
498 2877 570 2947 Ἐς
618 2895 756 2935 corr.
794 2876 1086 2935 Torellius.
1235 2884 1282 2933 9.
1321 2899 1434 2934 των
1470 2883 1681 2933 λοιπων
1717 2879 1789 2946 F,
1825 2879 2016 2950 uulgo.
2166 2884 2247 2935 14.
2288 2878 2391 2935 πό·

351 2948 546 3019 ρισμα]
587 2966 695 3004 om.
733 2949 806 3019 F,
843 2951 1034 3021 uulgo,
1184 2955 1267 3005 19.
1305 2969 1403 3019 της
1448 2966 1712 3019 μεγιστης
1745 2951 1816 3018 F3
1862 2966 2000 3005 corr.
2039 2949 2105 3004 D.
2251 2950 2395 3006 Post.

352 3015 708 3088 τετραγώνου
743 3019 804 3074 in
841 3021 886 3075 F
923 3022 1091 3077 uacat
1125 3021 1373 3091 spatium
1410 3018 1684 3091 adpositis
1720 3020 1799 3075 IV
1835 3022 2073 3091 punctis,
