2659 3967
436 175 569 240 284
1246 169 1663 232 mmmmm.

427 321 567 385 τῶν
619 320 933 405 πέμπτων
981 316 1313 407 ἀριθμῶν.
1408 318 1710 409 φανερὸν
1759 312 1917 405 οὖν,
1973 318 2077 388 ὅτι
2122 324 2244 388 τοῦ
2290 321 2474 408 ψάμ-

429 447 561 510 μου
613 423 691 492 τὸ
748 429 1012 512 πλῆθος
1064 429 1187 494 τοῦ
1234 427 1519 512 μέγεθος
1565 431 1834 513 ἔχοντος
1879 431 2032 495 ἴσον
2077 430 2159 514 τᾷ
2208 433 2474 516 σφαίρᾳ

427 532 510 615 τᾷ
555 528 683 596 τὰν
731 531 1091 618 διάμετρον
1138 532 1389 622 ἐχούσᾳ
1434 535 1731 600 σταδίων
1775 531 1844 620 ρ’
1885 532 2238 620 μυριάδων
2277 539 2472 602 ἔλασ-

427 635 555 702 σόν
612 639 793 704 ἐστιν
847 634 889 724 ἢ
946 645 1153 725 χιλίαι
1207 638 1527 728 μυριάδες
1581 643 1718 707 τῶν
1763 640 2077 726 πέμπτων
2122 638 2468 728 ἀριθμῶν.

358 715 469 842 59ἆ
529 741 607 810 δὲ
658 742 786 811 τάν
841 747 1199 833 διάμετρον
1254 750 1498 832 ἔχουσα
1554 759 1806 834 σφαῖρα
1862 749 2156 814 σταδίων
2211 752 2470 834 μυριᾶν

428 847 780 936 μυριάδων
818 857 1336 920 πολλαπλασίων
1375 850 1509 919 ἐστὶ
1546 855 1665 931 τᾶς
1701 857 1993 939 σφαίρας
2028 857 2146 932 τοῖς
2183 853 2472 940 ἐχούσας

426 950 553 1020 τὰν
592 954 955 1043 διάμετρον
995 945 1286 1024 σταδίων
1324 956 1392 1042 ρ’
1432 957 1784 1043 μυριάδων
1819 970 1963 1038 ταῖς
2001 957 2068 1045 ρ’
2104 957 2468 1045 μυριάδεσ-

431 1076 559 1126 σιν.
625 1065 688 1126 εἰ
723 1059 808 1147 δὴ
848 1063 1112 1148 γένοιτο
1152 1065 1223 1130 ἐκ
1258 1067 1378 1129 τοῦ
1407 1061 1686 1148 ψάμμου
1714 1076 1968 1149 σφαῖρα
1994 1065 2354 1132 ταλικαύτα
2379 1063 2466 1132 τὸ

429 1167 736 1252 μέγεθος,
775 1165 975 1235 ἆλίκα
1012 1168 1193 1236 ἐστὶν
1232 1165 1275 1234 ἁ
1312 1181 1565 1256 σφαῖρα
1599 1165 1641 1234 ἀ
1673 1172 1917 1255 ἔχουσα
1943 1167 2071 1236 τάν
2100 1167 2467 1259 διάμετρον

326 1288 391 1337 10
430 1276 725 1340 σταδίων
772 1278 1021 1362 μυριάν
1066 1272 1445 1360 μυριάδων,
1493 1273 1827 1361 φανερόν,
1875 1271 1980 1341 ὅτι
2025 1279 2312 1342 ἔλασσον
2357 1277 2467 1342 έσ-

324 1369 330 1376 ⁸
429 1383 641 1444 σείται
684 1377 763 1447 τὸ
809 1384 931 1448 τοῦ
976 1379 1257 1467 ψάμμου
1293 1384 1556 1466 πλῆθος
1587 1384 1714 1448 τοῦ
1749 1380 2120 1466 γενομένου
2157 1377 2468 1469 ἀριθμοῦ

427 1489 1179 1554 πολλαπλασιασθεισᾶν
1231 1489 1358 1552 τᾶν
1402 1489 1628 1572 χιλιᾶν
1674 1485 2027 1573 μυριάδων
2071 1490 2210 1554 τῶν
2255 1489 2468 1573 πέμπ-

425 1613 563 1657 των
628 1587 945 1679 ἀριθμῶν
1008 1605 1153 1671 ταῖς
1208 1590 1275 1678 ρ’
1332 1591 1792 1678 μυριάδεσσιν.
1885 1591 2024 1660 ἐπεὶ
2081 1588 2146 1660 δ’
2211 1597 2289 1660 αἱ
2336 1593 2468 1680 μὲν

424 1699 563 1764 τῶν
627 1698 941 1784 πέμπτων
1004 1694 1321 1783 ἀριθμῶν
1379 1703 1586 1783 χιλίαι
1639 1696 1958 1783 μυριάδες
2012 1699 2470 1785 τετρωκοστός

322 1817 388 1867 15
430 1804 611 1870 ἐστιν
658 1801 790 1870 ἀπὸ
840 1803 1140 1890 μονάδος
1174 1800 1537 1889 ἀνάλογον,
1586 1807 1661 1869 ac
1693 1802 1769 1871 δὲ
1807 1802 1873 1890 ρ’
1911 1803 2233 1891 μυριάδες
2271 1806 2467 1890 ἕβδο-

426 1935 549 1995 μος
596 1907 727 1977 ἀπὸ
777 1906 1073 1994 μονάδος
1120 1912 1191 1977 ἐκ
1234 1912 1351 1988 τᾶς
1397 1907 1608 1988 αὐτοῖς
1653 1906 2036 1996 ἀναλογίας,
2084 1913 2317 1996 δῆλον,
2369 1907 2468 1988 ὥς

427 2012 463 2083 ὁ
522 2015 885 2101 γενόμενος
941 2018 1223 2084 ἐσσείται
1282 2017 1469 2094 ἕκτος
1513 2016 1620 2082 καὶ
1668 2014 2116 2102 τετρωκοστὸς
2161 2012 2294 2084 ἀπὸ
2345 2041 2464 2101 μο-

424 2120 652 2200 νάδος.
725 2127 863 2190 τῶν
909 2121 985 2190 δὲ
1029 2121 1526 2209 τεσσαράκοντα
1570 2121 1682 2188 καὶ
1721 2124 1787 2202 ἓξ
1823 2121 2085 2189 τούτων
2123 2119 2295 2189 ὀκτώ
2334 2122 2463 2208 μὲν

427 2230 497 2293 οἱ
552 2225 803 2314 πρωτοι
864 2227 993 2297 σὺν
1049 2233 1132 2319 τᾷ
1188 2226 1436 2316 μονάδι
1488 2231 1628 2296 τῶν
1682 2225 1970 2314 πρώτων
2024 2229 2466 2312 καλουμένων

320 2335 389 2396 20
429 2332 598 2415 ἐντί,
656 2328 825 2402 ὀκτώ
875 2333 951 2402 δὲ
997 2337 1067 2402 οἱ
1108 2333 1266 2421 μετὰ
1313 2333 1595 2414 τούτους
1639 2337 1778 2401 τῶν
1823 2335 2187 2422 δευτέρων,
2232 2332 2346 2400 καὶ
2395 2337 2468 2400 οἰ

424 2436 587 2526 μετᾴ
623 2438 903 2520 τούτους
938 2439 1132 2508 ἄλλοι
1177 2437 1352 2509 ’ὀκτὼ
1390 2443 1528 2510 τῶν
1564 2445 1831 2527 τρίτων,
1879 2442 1950 2507 ol*
1983 2439 2060 2507 δὲ
2096 2437 2258 2526 μετὰ
2297 2438 2464 2518 τοὺς

421 2550 689 2634 τρίτους
742 2543 937 2614 ἄλλοι
990 2544 1163 2614 ὀκτὼ
1218 2550 1356 2615 τῶν
1399 2547 1764 2635 τετάρτων,
1817 2545 1930 2613 καὶ
1977 2548 2048 2612 οἱ
2089 2543 2249 2632 μετὰ
2297 2544 2464 2625 τοὺς

421 2652 775 2742 τετάρτους
836 2651 1006 2721 ὀκτώ
1066 2657 1202 2721 τῶν
1261 2655 1606 2739 πέμπτων,
1669 2655 1740 2719 οἱ
1796 2651 1872 2720 δὲ
1926 2652 2151 2720 λοιποὶ
2207 2653 2275 2733 ἓξ
2320 2656 2464 2720 τῶν

422 2759 633 2827 ἕκτων
677 2761 1109 2846 καλουμένων
1155 2762 1325 2846 ἐντί,
1382 2759 1495 2826 καὶ
1541 2757 1580 2828 ὁ
1627 2764 1902 2846 ἔσχατος
1947 2759 2172 2826 αὐτῶν
2219 2761 2358 2827 ἐστι
2407 2758 2460 2826 ι’

314 2877 382 2927 25
421 2865 744 2951 μυριάδες
778 2871 915 2936 τῶν
944 2868 1150 2936 ἕκτων
1176 2865 1516 2955 ἀριθμῶν.
1579 2863 1882 2953 φανερὸν
1912 2857 2064 2952 οὖν,
2097 2863 2200 2933 ὅτι
2229 2864 2305 2933 τὸ
2334 2870 2462 2934 τοῦ

419 2968 702 3055 ψάμμου
739 2975 1002 3056 πλῆθος
1036 2977 1159 3040 τοῦ
1186 2974 1474 3060 μέγεθος
1502 2975 1770 3058 ἔχοντος
1798 2978 1950 3039 ἴσον
1977 2975 2062 3060 τᾷ
2091 2976 2348 3062 σφαίρᾳ
2373 2976 2462 3060 τᾷ

564 3170 613 3218 3.
653 3167 924 3234 μυριαδες
958 3165 1031 3232 Ἐς
1076 3182 1215 3222 corr.
1254 3165 1477 3221 Wallis.
1661 3169 1831 3220 ελασσ
1877 3181 2006 3218 oum
2041 3181 2224 3234 comp.
2261 3187 2342 3219 ων
2383 3166 2460 3235 Ἐς

421 3250 561 3289 corr.
599 3233 663 3289 V.
814 3240 863 3290 5.
902 3253 1077 3304 σφαιρ
1115 3252 1241 3290 cum
1281 3252 1462 3305 comp.
1505 3253 1574 3298 ας
1607 3235 1680 3302 Ἐς
1719 3251 1859 3290 corr.
1898 3251 2096 3289 manus
2134 3241 2168 3289 2
2206 3239 2265 3290 et
2299 3237 2363 3290 Β.

415 3324 619 3388 μυριας
656 3306 727 3372 Ἐς
766 3322 903 3360 corr.
942 3304 1165 3361 wallis,
1314 3313 1360 3361 7.
1401 3308 1738 3376 μυριαδεσιν
1774 3305 1847 3373 13¹3
1885 3321 2026 3361 corr.
2066 3305 2127 3362 Β.
2263 3311 2315 3362 8.
2353 3304 2460 3430 δή]

415 3376 641 3446 scripsi3
691 3378 754 3431 δε
792 3376 855 3444 Ἐ,
893 3377 1095 3447 uulgo3
1135 3367 1239 3431 οὖν
1273 3375 2434 3447 Wallie‚'1'orellius.1o.m0m91·¹

416 3464 555 3502 corr.
585 3447 805 3504 Wallis.
928 3451 1096 3503 ελασσ
1132 3464 1259 3502 cum
1296 3463 1477 3516 comp.
1518 3467 1598 3502 ων
1625 3447 1689 3518 F,
1727 3447 1813 3502 ed.
1845 3447 2015 3502 Basil.
2129 3453 2211 3501 12.
2249 3451 2464 3502 πολλα-

415 3521 586 3572 πλασι
635 3535 761 3573 cum
801 3533 981 3588 comp.
1022 3539 1088 3572 ον
1124 3517 1192 3585 Ἐς
1240 3534 1382 3572 corr.
1419 3517 1483 3574 B.
1670 3525 1755 3573 13.
1793 3515 2188 3588 μυριάδεσσιν]
2225 3518 2460 3589 scripsi3
