2659 3967
1046 155 1503 215 ‘ARENARms
2169 155 2299 250 2437

271 327 466 391 quem
509 308 752 370 terram
801 295 1224 368 circumuolui
1269 304 1601 388 supponit,
1646 303 1726 368 ad
1765 303 2113 386 sphaeram
2150 303 2303 367 stel-

270 411 484 480 larum
548 411 824 476 fixarum
889 432 1033 476 eam
1094 410 1339 476 habere
1396 409 1746 494 rationem,
1811 414 2006 493 quam
2060 408 2303 474 habeat

271 521 448 582 terra
493 515 576 583 ad
623 516 953 602 mundum,
999 518 1110 600 qui
1155 517 1356 602 uulgo
1402 513 1745 602 uocatur.¹)
1836 537 1993 580 nam
2038 515 2296 580 demon·
2338 524 2376 588 7

272 624 622 690 strationes
675 623 1273 707 phaenomenorum
1327 622 1645 689 eiusmodi
1700 621 2135 707 suppositioni
2190 621 2301 686 a'd-

271 731 658 815 commodat,
704 733 772 795 et
813 730 1094 796 maxime
1139 729 1654 812 magnitudinem
1690 729 2024 812 sphaerae,
2066 729 2134 792 in
2172 751 2303 814 qua

269 841 511 902 terram
550 838 802 902 moueri
835 837 1049 922 fingit,
1085 837 1421 921 aequalem
1448 835 1709 919 mundo,
1745 835 1859 920 qui
1885 836 2084 919 uulgo
2113 857 2301 902 uoca-

268 947 396 1024 tur,
433 929 794 1028 supponere
829 943 1103 1009 uidetur.
1159 942 1427 1008 dicimus
1456 943 1676 1028 igitur,
1713 942 1971 1007 etiamsi
1999 963 2077 1007 ex
2105 963 2303 1008 arena

269 1053 459 1114 tanta
485 1050 766 1134 sphaera
789 1050 1153 1136 colligatur,
1181 1053 1494 1135 quantam
1512 1047 1931 1114 Aristarchus
1952 1048 2301 1132 sphaeram

271 1156 611 1222 stellarum
665 1156 942 1221 fixarum
998 1177 1138 1222 esse
1193 1161 1545 1241 supponat,
1599 1156 1695 1221 sic
1740 1177 1993 1240 quoque
2038 1155 2299 1222 demon-

269 1263 469 1329 strari
513 1285 725 1348 posse,
773 1262 1085 1348 quosdam
1121 1284 1347 1329 eorum
1380 1262 1818 1348 numerorum,
1864 1262 1976 1347 qui
2011 1262 2083 1327 in
2116 1261 2297 1327 Prin-

271 1369 460 1454 cipiis
513 1370 838 1435 nominati
893 1369 1050 1453 sint,
1109 1369 1559 1455 magnitudine
1606 1377 1909 1453 superare
1955 1393 2296 1436 numerum

269 1497 506 1541 arenae
541 1477 1056 1560 magnitudinem
1091 1475 1397 1542 habentis
1434 1476 1559 1541 tali
1596 1472 1908 1561 sphaerae
1944 1477 2301 1562 aequalem,

269 1583 375 1646 his
423 1583 804 1668 suppositis:

408 1691 467 1754 1.
495 1689 774 1772 primum
795 1689 1216 1772 perimetrum
1235 1691 1448 1752 terrae
1468 1688 1781 1766 3000900
1802 1687 2014 1753 stadia
2032 1688 2297 1774 longam
2336 1693 2377 1758 8

270 1817 411 1860 esse
457 1819 578 1862 nec
614 1797 952 1880 maiorem3
999 1794 1694 1881 quamquamquidam
1706 1792 1778 1880 ²),
1822 1798 1897 1859 ut
1932 1797 2005 1858 tu
2042 1815 2299 1880 quoque

268 1903 539 1988 nouisti,
586 1903 1030 1969 demonstrare
1087 1903 1306 1968 conati
1352 1905 1531 1986 sunt,
1586 1923 1730 1967 eam
1776 1901 2043 1966 300000
2088 1901 2303 1966 stadia
2392 1908 2401 1916 '

269 2009 536 2092 longam
586 2030 744 2074 esse.
836 2029 956 2094 ego
1002 2030 1158 2074 uero
1209 2007 1413 2090 [hunc
1457 2009 1825 2089 numer-um]
1874 2007 2187 2073 excedens
2234 2011 2301 2072 et
2376 2024 2383 2028 ·

270 2114 791 2200 magnitudinem
844 2118 1057 2181 terrae
1112 2113 1548 2200 magnitudini
1602 2135 1641 2178 a
1689 2113 2015 2198 prioribus
2062 2136 2299 2199 propo-

271 2222 436 2287 sitae
501 2221 712 2288 decies
776 2222 912 2287 fere
972 2225 1269 2305 sumptae
1333 2222 1668 2305 aequalem
1728 2243 1869 2288 esse
1926 2243 2297 2306 supponens

270 2327 690 2412 perimetrum
739 2329 874 2392 eius
921 2329 1232 2394 3000000
1275 2327 1410 2392 fere
1450 2327 1665 2393 stadia
1699 2329 1968 2414 longam
2003 2351 2122 2395 nec
2158 2351 2297 2394 ma-

267 2434 474 2498 iorem
521 2457 660 2499 esse
707 2456 1022 2518 suppono.

417 2631 468 2698 1)
504 2627 698 2683 Potius
745 2628 1022 2684 sententia
1058 2627 1371 2682 Aristarchi
1406 2628 1547 2682 haec
1582 2627 1751 2683 fiiisse
1786 2628 2035 2696 uidetur,
2084 2629 2295 2682 distan-

267 2699 410 2754 tiam
440 2697 733 2754 stellarum
759 2701 980 2753 tantam
1010 2712 1148 2766 esse,
1185 2700 1251 2754 ut
1277 2697 1535 2766 circulus,
1570 2699 1631 2753 in
1659 2715 1770 2768 quo
1797 2700 1952 2753 terra
1978 2700 2294 2768 moueatur,

269 2787 399 2826 cum
445 2786 514 2824 ea
557 2771 912 2839 comparatus
957 2741 1152 2839 puncti
1195 2769 1384 2824 locum
1430 2767 1711 2834 obtineat3
1760 2768 1857 2824 cfr.
1895 2769 2066 2823 Arist.
2105 2769 2177 2823 de
2213 2769 2297 2824 di·

267 2843 467 2983 {targa
480 2841 1167 2994 2Ν1ξέἓ1ἷωέῗιόῗ-ἷῖντ
1214 2839 1294 2910 ΙΙ,
1343 2845 1375 2894 5
1425 2857 1479 2909 p.
1532 2846 1613 2896 74.
1691 2838 1799 2894 Cfr.
1850 2838 2076 2932 Quaest.
2123 2839 2292 2894 Arch.

412 2984 469 3052 2)
509 2982 568 3037 si
570 2980 868 3053 gnificatur
912 2982 1341 3049 Eratosthenes,
1389 2981 1719 3052 Bernhardy
1763 2980 2046 3036 Eratosth.
2095 3000 2148 3052 p.
2198 2988 2294 3051 573

272 3055 495 3121 Quaest.
532 2999 778 3108 Archim.
818 3070 871 3123 p.
912 3058 1035 3108 202.

268 3249 488 3306 Wallis.
662 3252 858 3322 τινῶν]
897 3250 1120 3320 scripsi,
1157 3269 1270 3305 των
1303 3248 1366 3316 F,
1402 3249 1589 3333 qugO.
1755 3257 1837 3307 16.
1875 3248 1943 3304 τύ
2006 3251 2297 3319 Riualtus3

267 3339 357 3374 τοι
393 3318 452 3388 F,
489 3321 678 3392 uu1g0.
817 3329 902 3378 18.
941 3321 1040 3376 καὶ
1073 3321 1228 3392 θείς]
1267 3321 1491 3391 scripsi3
1536 3325 1742 3384 καθεις
1777 3321 1837 3389 F,
1873 3338 1912 3374 u
2014 3337 2063 3375 o.
2210 3327 2296 3376 19.

269 3392 583 3447 δεκαπλασι
622 3408 746 3448 cum
787 3410 967 3463 comp.
1005 3411 1086 3447 mv
1121 3391 1188 3461 F3
1228 3408 1365 3447 corr.
1403 3393 1621 3448 Wallis.
1757 3393 2188 3461 ὃεδοξασμενων
2224 3392 2295 3460 F3

269 3530 407 3570 corr.
446 3517 532 3570 ed.
570 3516 738 3572 Basil.
892 3523 979 3574 20.
1017 3512 1335 3588 μυριάδων]
1372 3522 1445 3572 Μ
1470 3519 1541 3586 F3
1580 3531 1717 3574 corr.
1754 3515 1977 3581 Wallis.
