2659 3967
415 166 545 232 158
600 168 992 220 mmmmm
1026 168 1258 220 ῙΣοΡΡ.
1294 168 1354 218 H
1389 167 1676 218 KENTPA
1711 166 1953 220 ΒΑΡΩΝ
1987 167 2193 220 Eum.
2230 162 2313 222 A'.

409 335 559 398 ρεος
602 307 679 377 τὸ
728 313 794 376 Γ
830 320 1125 395 σαμεῖον.
1198 309 1323 376 τοῦ
1370 306 1493 395 μὲν
1529 306 1664 397 ἄρα
1700 317 1766 376 Α
1809 308 2123 394 κειμένου
2157 305 2322 376 κατὰ
2360 305 2446 376 τὸ

406 422 497 501 Ε,
552 419 675 485 τοῦ
733 414 809 484 δὲ
852 422 911 482 Β
965 412 1131 482 κατὰ
1178 412 1255 482 τὸ
1304 422 1374 482 A
1419 418 1984 502 ἰσορροπησοῦντι
2028 412 2194 482 κατὰ
2239 413 2316 484 τὸ
2363 420 2448 484 Γ.

538 753 677 822 Καὶ
735 757 971 822 τοίνυν
1032 759 1100 820 εἴ
1150 777 1237 818 κα
1292 749 1682 840 ἀσύμμετρα
1737 755 1932 819 ἔωντι
1986 749 2068 820 τὰ
2123 755 2440 840 μεγέθεα,

334 874 368 924 5
405 856 655 947 ὁμοίως
688 862 1279 947 ’ἰσορροπησοῦντι
1337 854 1468 925 ἀπὸ
1526 860 1791 944 μακέων
1847 856 2447 941 ἆντιπεπονθότως

401 963 522 1034 τὸν
569 963 781 1034 αὐτὸν
825 965 1032 1053 λόγον
1079 963 1373 1052 ἐχόντων
1418 977 1559 1045 τοῖς
1603 965 1980 1052 μεγέθεσιν.

534 1075 702 1139 ἔστω
748 1069 1137 1160 ἀσύμμετρα
1184 1072 1474 1158 μεγέθεα
1517 1067 1601 1139 τὰ
1644 1080 1709 1139 Α
1717 1079 1798 1157 Β,
1846 1077 1923 1157 Γ,
1969 1071 2182 1158 μάκεα
2228 1072 2304 1141 δὲ
2347 1071 2436 1141 τὰ

403 1184 569 1264 ΔΕ,
633 1185 778 1248 ΕΖ.
870 1178 1065 1265 ἐχέτω
1131 1174 1206 1244 δὲ
1268 1174 1346 1244 τὸ
1393 1183 1526 1245 ΑΒ
1585 1176 1735 1244 ποτὶ
1794 1175 1871 1245 τὸ
1928 1183 1994 1245 Γ
2036 1176 2160 1246 τὸν
2221 1176 2440 1246 αὐτὸν

400 1283 640 1371 λόγον,
686 1281 769 1353 ὃν
815 1284 927 1352 καὶ
970 1282 1048 1352 τὸ
1096 1289 1235 1350 ΕΔ
1279 1281 1434 1350 ποτὶ
1477 1281 1556 1350 τὸ
1604 1289 1730 1350 ΕΖ
1774 1287 2002 1370 μᾶκος.
2087 1285 2281 1371 λέγω,
2329 1283 2440 1353 ὅτι

294 1407 362 1458 10
398 1393 521 1457 τοῦ
576 1390 643 1470 ἐξ
697 1386 1099 1477 ἀμφοτέρων
1155 1391 1294 1457 τῶν
1349 1395 1514 1474 ΑΒ,
1570 1394 1636 1456 Γ
1679 1389 1959 1477 κέντρον
2012 1395 2136 1459 τοῦ
2190 1390 2444 1479 βάρεός

400 1497 537 1566 ἐστι
581 1494 657 1563 τὸ
705 1503 784 1564 Ε.

531 1605 593 1670 εἰ
635 1600 765 1691 γὰρ
812 1601 902 1689 μὴ
952 1600 1388 1689 ἰσορροπήσει
1433 1599 1510 1670 τὸ
1548 1609 1678 1670 AB
1725 1601 1924 1671 τεθὲν
1972 1603 2076 1672 ἐπὶ
2113 1608 2205 1696 τῷ
2245 1611 2299 1672 Ζ
2336 1609 2431 1697 τῷ

396 1714 462 1776 Γ
496 1711 761 1778 τεθέντι
808 1710 915 1776 ἐπὶ
957 1712 1047 1800 τῷ
1099 1714 1195 1794 A,
1242 1704 1396 1793 ἤτοι
1443 1707 1670 1795 μεῖζόν
1717 1711 1855 1778 ἐστι
1901 1707 1977 1777 τὸ
2026 1719 2091 1778 A
2100 1717 2158 1777 Β
2203 1714 2326 1778 τοῦ
2375 1716 2450 1778 Γ

808 1856 860 1904 A
1461 1851 1512 1903 E
1976 1855 2018 1906 Ζ

832 1920 1492 1956 1------Ι
1979 1923 1987 1960 1

390 2519 433 2610 ἢ
502 2521 669 2592 ὥστε
726 2527 1115 2613 ἰσορροπεῖν
1169 2528 1260 2617 τῷ
1318 2529 1405 2611 Γ,
1462 2520 1504 2612 ἢ
1563 2523 1664 2593 οὔ.
1755 2531 1923 2594 ἔστω
1978 2531 2220 2613 μεῖζον.
2308 2527 2430 2594 καὶ

286 2648 355 2700 16
394 2627 777 2719 ἀφῃρήσθω
844 2628 978 2699 ἀπὸ
1046 2634 1169 2699 τοῦ
1224 2640 1289 2698 A
1299 2638 1358 2698 Β
1423 2636 1710 2701 ἔλασσον
1773 2635 1891 2712 τᾶς
1943 2629 2310 2720 ὑπεροχᾶς,
2374 2625 2428 2721 ᾇ

385 2736 612 2824 μεῖζόν
667 2737 806 2804 ἐστι
856 2735 933 2806 τὸ
983 2745 1117 2806 AB
1171 2740 1295 2806 τοῦ
1342 2742 1409 2805 Γ
1452 2732 1496 2824 ἢ
1552 2735 1722 2806 ὥστε
1770 2740 2190 2826 ἰσορροπεΐν,
2252 2736 2424 2807 ὥστε

386 2842 519 2928 [τὸ]
559 2841 800 2913 λοιπὸν
834 2843 912 2913 τὸ
943 2853 1009 2912 Α
1043 2843 1426 2932 σύμμετρον
1455 2841 1641 2931 εἶμεν
1666 2847 1758 2936 τῷ
1789 2849 1863 2913 Γ.
1927 2843 2066 2912 ἐπεὶ
2097 2836 2224 2912 οὖν
2254 2843 2422 2931 σύμ-

384 2949 589 3038 μετρά
636 2953 774 3019 ἐστι
818 2948 901 3020 τὰ
937 2960 1027 3035 Α,
1061 2956 1128 3019 Γ
1161 2954 1474 3038 μεγέθεα,
1519 2952 1632 3019 καὶ
1670 2951 2006 3020 ἐλάσσονα
2041 2950 2248 3037 λόγον
2286 2955 2422 3039 ἔχει

382 3054 458 3124 τὸ
506 3066 572 3125 Α
624 3057 776 3124 ποτὶ
830 3055 905 3124 τὸ
954 3061 1040 3143 Γ,
1094 3054 1137 3144 ἢ
1196 3054 1238 3124 ἆ
1285 3065 1428 3125 ΔΕ
1466 3059 1621 3127 ποτὶ
1668 3066 1823 3145 ΕΖ,
1890 3054 2014 3126 οὐκ
2061 3061 2421 3146 ἰσορροπη-

276 3180 348 3230 20
385 3165 619 3231 σοῦντι
667 3160 746 3230 τὰ
795 3171 881 3248 A,
929 3168 994 3229 Γ
1030 3162 1159 3231 ἀπὸ
1206 3168 1346 3233 τῶν
1393 3171 1554 3250 ΔΕ,
1601 3171 1728 3232 ΕΖ
1773 3165 2060 3252 μακέων,
2104 3166 2422 3244 τεθέντος

527 3383 577 3431 3.
618 3371 661 3432 ε’
699 3377 759 3432 F.
940 3381 992 3430 5.
1031 3380 1458 3432 αντιπεπονθοτ
1503 3393 1628 3432 oum
1678 3392 1858 3446 comp.
1905 3395 1986 3430 ων
2019 3375 2093 3444 F;
2141 3393 2280 3432 corr.
2327 3376 2416 3431 ed.

382 3447 552 3505 Basil.
718 3453 801 3502 13.
838 3447 915 3500 τῦ
954 3447 1033 3518 Δ]
1071 3447 1295 3517 scripsi,
1349 3467 1413 3502 το
1452 3455 1504 3503 Δ
1538 3447 1601 3514 F,
1638 3449 1830 3516 uulgo,
1996 3453 2078 3504 14.
2117 3442 2180 3519 ἥ]
2219 3446 2418 3503 addidi

384 3537 511 3575 cum
550 3519 621 3585 Β;
661 3534 769 3572 om.
807 3519 878 3588 F,
925 3519 1115 3588 uulgO.
1347 3523 1410 3588 Γ,
1449 3511 1515 3591 ἢ]
1556 3523 1676 3574 ΓΗ
1704 3519 1764 3574 F.
1955 3519 2032 3593 τῷ
2071 3523 2126 3574 Γ
2155 3536 2266 3576 om.
2303 3518 2417 3574 Eu-

2627 821 2629 928 ἰ

2367 2151 2506 2266 ·,
