2659 3967
421 158 554 222 366
747 156 844 211 DE
883 158 993 227 IIS,
1034 156 1232 223 QUAE
1269 158 1351 211 IN
1386 156 1677 212 HUMIDO
1713 156 2143 213 UEHUNTUR.

419 302 578 367 tudo
627 302 980 387 absumpta
1028 302 1110 367 ab
1156 302 1443 387 humide,
1491 323 1656 388 quae
1705 302 2056 367 secundum
2096 302 2186 388 H,
2233 304 2303 368 in
2350 326 2458 389 po-

421 409 680 474 steriori
724 409 1060 493 pyramide
1108 409 1398 494 aequalis
1446 408 1712 495 solidae,
1763 432 1928 494 quae
1976 410 2332 478 seeundum
2378 410 2456 477 R.

420 519 642 601 partes
691 519 905 581 autem
948 515 1229 599 humidi,
1274 516 1443 600 quod
1490 516 1560 579 in
1604 515 1817 600 prima
1863 517 2202 602 pyramide
2214 568 2235 601 ‚
2291 538 2454 602 quae

425 624 544 689 sub
594 623 1073 707 superficiebus,
1119 644 1286 707 quae
1333 621 1685 687 secundum
1732 623 2139 707 superficiem
2185 621 2342 709 XO,
2390 628 2455 689 et

350 742 382 790 5
420 729 595 815 quod
642 731 712 795 in
758 729 1064 813 secunda,
1113 751 1278 814 quae
1326 730 1448 794 sub
1496 729 1977 814 superficiebus,
2026 750 2190 815 quae
2236 751 2453 814 super-

414 836 559 902 ficie
600 834 741 920 ΟΡ,
790 857 867 900 ex
915 857 1121 920 aequo
1169 838 1319 901 sunt
1365 834 1621 919 positae
1669 838 1735 899 et
1774 836 2118 900 continuae
2156 836 2453 901 inuicem.

413 952 549 1008 non
587 941 891 1006 similiter
929 946 1147 1007 autem
1181 943 1583 1027 premuntur.
1649 963 1814 1026 quae
1855 942 2113 1026 quidem
2140 942 2209 1007 in
2237 942 2453 1027 prima

411 1047 767 1133 pyramide,
812 1048 1128 1132 premitur
1173 1070 1212 1113 a
1259 1047 1468 1113 solida
1512 1047 1981 1133 magnitudine,
2028 1071 2191 1133 quae
2232 1071 2451 1115 secun-

413 1154 566 1219 dum
611 1134 700 1237 R,
723 1157 814 1236 ᾳ
862 1154 944 1219 ab
990 1154 1258 1219 humido
1307 1155 1678 1219 continente
1721 1154 1940 1237 ipsam
1986 1158 2053 1219 et
2097 1154 2449 1221 exsistente

308 1273 375 1323 10
412 1261 484 1326 in
530 1260 674 1327 loco
720 1260 1102 1345 pyramidis,
1147 1284 1312 1345 quae
1360 1261 1715 1328 secundum
1750 1260 1894 1327 AB
1907 1260 2053 1327 ΟΧ.
2128 1283 2294 1347 quae
2342 1285 2449 1327 au-

410 1371 546 1432 tem
600 1368 671 1432 in
726 1368 931 1433 altera
982 1368 1344 1454 pyramide,
1397 1368 1716 1452 premitur
1778 1369 1860 1433 ab
1916 1368 2183 1434 humido
2241 1371 2447 1435 eonti-

409 1478 605 1540 nente
651 1477 863 1562 ipsam
912 1476 1264 1542 exsistente
1310 1476 1380 1539 in
1425 1475 1570 1541 loeo
1614 1476 2008 1561 pyramidis,
2063 1475 2174 1559 qui
2223 1496 2447 1540 secun-

411 1582 565 1646 dum
610 1581 906 1648 POBG.
998 1585 1098 1647 est
1143 1586 1364 1648 autem
1409 1586 1477 1647 et
1521 1583 1832 1667 grauitas,
1880 1603 2044 1667 quae
2093 1582 2447 1647 seeundum

407 1687 498 1773 R,
551 1688 767 1756 minor
813 1689 1135 1775 grauitate
1179 1686 1457 1772 humidi,
1514 1687 1687 1771 quod
1734 1687 2084 1753 secundum
2129 1688 2231 1773 H,
2288 1710 2445 1773 quo-

303 1807 371 1856 15
406 1794 584 1859 niam
632 1794 1146 1880 magnitudinem
1183 1794 1445 1879 quidem
1482 1798 1582 1860 e‘st
1618 1794 1931 1879 aequalis,
1976 1793 2191 1860 solida
2226 1799 2444 1860 autem

407 1902 792 1987 magnitudo
839 1901 1230 1987 supponitur
1277 1922 1417 1966 esse
1454 1900 1662 1967 leuior
1697 1900 1965 1967 humido
2003 1900 2255 1966 humidi
2292 1924 2443 1966 con-

407 2007 672 2074 tinentis
719 2008 1200 2096 magnitudines
1227 2006 1310 2092 R,
1336 2008 1428 2092 H,
1475 2008 1721 2093 eritque
1756 2007 2167 2093 pyramidum
2207 2030 2443 2093 aequa—

407 2113 508 2179 lis.
582 2116 794 2201 magis
842 2115 1047 2201 igitur
1091 2115 1412 2199 premitur
1457 2136 1608 2198 pars
1656 2113 1925 2198 humidi,
1971 2112 2140 2198 quod
2180 2114 2301 2178 sub
2340 2137 2443 2179 su-

406 2219 819 2304 perficiebus,
877 2243 1040 2306 quae
1097 2220 1446 2286 secundum
1498 2220 1873 2305 periferiam
1932 2218 2070 2285 ΟΡ.
2162 2221 2447 2305 expellet

301 2338 373 2387 20
408 2346 586 2411 ergo,
632 2326 802 2411 quod
850 2326 1064 2391 minus
1111 2327 1429 2411 premitur
1477 2327 1779 2412 [hypoth.
1817 2329 1902 2412 1]‚
1950 2331 2015 2392 et
2050 2349 2182 2392 non
2219 2331 2444 2393 manet

404 2431 746 2497 humidum
767 2448 923 2498 ‘non
970 2436 1240 2499 motum.
1324 2434 1814 2519 supponebatur
1860 2436 2077 2498 autem
2124 2455 2257 2500 non
2302 2456 2443 2499 mo-

404 2542 565 2603 tum.
629 2560 761 2604 non
797 2560 952 2625 ergo
989 2540 1399 2628 demergetur
1434 2544 1597 2625 tota,
1642 2540 1754 2606 sed
1793 2540 1918 2605 erit
1954 2539 2201 2625 aliquid
2234 2540 2441 2625 ipsius

406 2650 590 2711 extra
637 2647 1039 2731 superficiem
1088 2647 1359 2712 humidi.

549 2897 599 2947 3.
637 2907 783 2960 quae
819 2894 924 2947 sub
950 2892 1369 2965 superficiebus]
1409 2894 1667 2960 obscura3
1706 2908 1814 2948 om.
1846 2892 2085 2959 Comum
2124 2892 2222 2948 cfr.
2250 2893 2349 2947 lin.
2382 2899 2434 2963 5,

407 2968 491 3017 18.
603 2968 653 3016 6.
693 2963 898 3043 aequo]
939 2965 1120 3034 „quo“
1159 2963 1440 3019 Tartalea.
1553 2969 1603 3045 9.
1642 2962 1849 3035 ipsam]
1889 2962 2113 3032 ‚‚ipsas“
2152 2962 2436 3020 'Pal-talea.

410 3039 491 3089 11.
530 3034 829 3105 prem1tur]
869 3035 1056 3089 deest:
1105 3036 1213 3103 „ab
1250 3035 1640 3117 magnitudine
1677 3035 1748 3088 H
1777 3038 1900 3118 et“.·
2069 3034 2436 3118 „eontinenffl

404 3103 686 3258 3313·
695 3177 755 3229 et
789 3109 1026 3259 &5153
1039 3105 2441 3249 14:333533332233233:akffimrsfflsr

402 3248 641 3375 {21:033}
643 3248 1079 3374 ‘mggpfflrdmes
1107 3246 1181 3317 R,
1209 3248 1280 3301 H
1299 3252 1389 3303 est
1415 3248 1685 3318 aequalis,
1720 3264 1848 3302 cum
1878 3247 2199 3318 pyramides
2228 3264 2443 3317 aequa-
