2659 3967
314 1374 351 1424 ὅ

278 1905 347 1954 10

276 2436 343 2484 15

268 2966 341 3016 20

828 866 1243 965 Ἀρχιμήδης
1296 876 1632 966 Δοσιθέῳ
1683 878 1971 967 χαίρειν.

532 1038 686 1104 Τῶν
758 1036 909 1103 ποτὶ
982 1036 1281 1104 Κόνωνα
1359 1034 1870 1107 ἀποσταλέντων
1943 1038 2428 1127 θεωρημάτων,

387 1136 559 1229 ὑπὲρ
607 1132 706 1210 ὦν
752 1142 885 1210 αἰεὶ
929 1141 1049 1223 τὰς
1092 1142 1476 1224 άποδειξίας
1531 1146 1926 1225 ἐπιστέλλεις
1979 1170 2094 1231 μοι
2147 1143 2427 1233 γράψαι,

387 1249 525 1314 τῶν
580 1245 705 1333 μὲν
757 1252 1086 1317 πλείστων
1131 1251 1205 1317 ἐν
1250 1262 1392 1329 τοῖς
1448 1246 1581 1318 ὑπὸ
1619 1246 2019 1339 Ἡρακλείὸα
2067 1252 2426 1337 κομισθέν-

387 1370 614 1419 τεσσιν
652 1357 821 1440 ἔχεις
854 1355 1345 1441 γεγραμμένας,
1391 1354 1580 1435 τινὰς
1615 1354 1692 1423 δὲ
1728 1353 1954 1424 αὐτῶν
1989 1355 2102 1423 καὶ
2145 1359 2219 1425 ἐν
2253 1360 2426 1449 τῷδε

385 1462 479 1549 τῷ
535 1463 773 1549 βιβλίῳ
826 1459 1091 1549 γράψας
1144 1462 1500 1530 ἐπιστέλλω
1555 1487 1676 1530 τοι.
1767 1459 1857 1550 μὴ
1912 1461 2274 1552 θαυμάσῃς
2327 1464 2426 1549 δέ,

386 1568 450 1631 εἰ
482 1570 762 1633 πλείονα
796 1564 1049 1655 χρόνον
1084 1565 1486 1653 ποιησάντες
1521 1569 1870 1655 ἐκδίδομες
1898 1566 2016 1649 τὰς
2044 1566 2426 1649 ἀποδειξίας

385 1666 631 1737 αὐτῶν.
715 1675 1068 1757 συμβαίνει
1113 1669 1243 1760 γὰρ
1288 1676 1489 1740 τοῦτο
1535 1672 1944 1761 γεγενήσθαι
1991 1672 2104 1743 διὰ
2149 1674 2227 1743 τὸ
2266 1680 2424 1761 βου-

385 1775 627 1844 λέσθαι
680 1802 761 1863 με
814 1776 1144 1865 πρότερον
1200 1777 1482 1865 διδόμεν
1535 1793 1678 1859 τοῖς
1728 1780 1881 1870 περὶ
1933 1778 2015 1848 τὰ
2059 1782 2426 1868 μαθήματα

384 1885 1039 1970 πραγματευομένοις
1082 1884 1195 1951 καὶ
1241 1885 1598 1970 μαστεύειν
1636 1884 1805 1953 αὐτὰ
1843 1888 2424 1975 προαιρουμένοις.

382 1985 563 2056 πόσα
608 1984 740 2117 γάρ
785 2014 921 2056 των
968 1990 1043 2056 ἐν
1086 1996 1456 2079 γεωμετρία
1499 1988 1961 2078 θεωρημάτων
2008 2015 2134 2058 ουκ
2179 1989 2422 2078 ευμέθ-

382 2097 511 2161 οδα
558 2095 633 2162 ἐν
688 2092 861 2182 ἀρχᾷ
919 2094 1220 2181 φανέντα
1270 2094 1496 2188 χρόνω
1551 2094 1677 2163 τὰν
1734 2097 2121 2185 ἐξεργασίαν
2165 2096 2422 2184 λαμβά-

380 2224 599 2285 νοντι;
644 2197 897 2267 Κόνων
943 2199 1066 2287 μὲν
1113 2191 1240 2270 οὖν
1288 2226 1415 2288 ουχ
1461 2199 1700 2269 ἱκανὸν
1737 2200 1965 2288 λαβων
2012 2204 2078 2283 ές
2121 2200 2249 2271 τὰν
2296 2202 2422 2290 μά-

382 2324 651 2373 στευσιν
698 2304 924 2373 αυτῶν
970 2304 1223 2395 χρόνον
1269 2306 1674 2393 μετάλλαξεν
1717 2307 1842 2377 τὸν
1895 2312 2078 2395 βίον·
2155 2304 2198 2395 ἢ
2247 2312 2422 2396 δῆλα

382 2412 693 2497 ἐποίησέν
738 2438 825 2479 κα
865 2416 1076 2481 ταῦτα
1120 2412 1341 2481 πάντα
1387 2410 1640 2503 ευροόν,
1685 2414 1798 2481 καὶ
1843 2412 2015 2482 αλλα
2060 2413 2274 2484 πολλα
2321 2416 2420 2496 ἑξ-

380 2514 601 2605 ευρών
648 2518 755 2585 ἐπὶ
799 2517 875 2587 τὸ
922 2527 1155 2589 πλεῖον
1201 2519 1587 2608 προάγαγεν
1640 2525 2066 2609 γεωμετρίαν.
2159 2522 2421 2590 ἐπιστά-

380 2633 559 2711 μεθα
602 2622 732 2713 γὰρ
778 2622 1173 2715 ὑπάρξασαν
1220 2624 1403 2719 αὐτῷ
1451 2625 1727 2717 σύνεσιν
1776 2624 1859 2694 οὐ
1907 2623 2034 2694 τάν
2077 2632 2420 2715 τυχοῦσαν

378 2730 530 2820 περὶ
574 2730 651 2799 τὸ
700 2729 982 2818 μάθημα
1018 2731 1130 2800 καὶ
1168 2737 1577 2820 φιλοπονίαν
1613 2726 2188 2820 ὑπερβάλλουσαν.
2254 2720 2416 2819 μετὰ

380 2836 456 2905 δὲ
509 2835 634 2905 τὰν
687 2836 1015 2918 Κόνωνος
1067 2836 1386 2906 τελευτὰν
1445 2842 1716 2907 πολλῶν
1775 2840 1978 2907 ἐτέων
2042 2841 2418 2925 ἐπιγεγενη-

378 2944 603 3031 μένων
650 2941 798 3011 οὐδ’
840 2940 966 3030 ὑφ’
1024 2942 1179 3023 ἑνὸς
1216 2941 1422 3012 οὐδὲν
1467 2948 1604 3013 τῶν
1650 2943 2141 3033 προβλημάτων
2177 2948 2415 3012 αἰσθα-

377 3047 641 3136 νόμεθα
692 3048 1148 3134 κεκινημένον.
1246 3048 1578 3135 βουλόμαι
1641 3048 1718 3117 δὲ
1775 3046 1934 3116 καθ’
1995 3053 2071 3117 ἓν
2135 3050 2415 3118 ἕκαστον

376 3150 605 3223 αὐτῶν
658 3152 1221 3240 προενεγκάσθαι·
1293 3154 1406 3221 καὶ
1465 3152 1594 3243 γὰρ
1655 3160 2007 3242 συμβαίνει
2069 3153 2197 3223 δύο
2256 3156 2411 3225 τινὰ

521 3355 567 3404 1.
608 3352 887 3431 Δωσιθεῳ
922 3348 985 3416 F,
1020 3348 1212 3419 uulgo,
1370 3354 1420 3405 2.
1457 3351 1835 3419 θεορηματων
1871 3349 1933 3403 F.
2093 3354 2143 3403 3.
2181 3342 2412 3404 ἀποδει-

374 3419 525 3491 ξίας]
564 3418 789 3489 scripsi,
833 3404 900 3473 ut
934 3419 1033 3474 lin.
1073 3426 1129 3487 ’ῖς
1178 3421 1416 3486 αποὸειξ
1463 3436 1591 3474 cum
1636 3436 1932 3505 com.r19
1966 3420 2036 3487 F·
2083 3414 2414 3487 ἀποδείξεις

372 3483 565 3560 uulgO.
676 3491 1059 3561 ’1.εκδιδομεν
1087 3462 1148 3559 F,
1176 3490 1366 3559 uulgo,
1499 3496 1578 3544 11.
1619 3486 1770 3545 πόσα
1825 3489 2166 3559 Barrowius,
2191 3509 2330 3547 ποια
2349 3491 2412 3561 F,
