2659 3967
820 165 917 221 DE
957 164 1203 221 LINEIS
1239 165 1680 222 SPIRALIBUS.
2175 167 2260 234 89

226 313 569 395 parentur,
633 310 873 376 lineam
935 311 1111 378 inter
1168 313 1436 395 puncta,
1503 333 1668 396 quae
1727 311 2263 398 significauimus‚

228 416 770 502 comprehensam
812 415 1015 484 toties
1062 416 1492 501 multiplicem
1530 439 1672 482 esse
1709 439 1906 501 quam
1944 418 2262 484 ambitum

226 523 454 590 circuli
514 523 849 607 descripti,
910 523 1165 607 quoties
1220 521 1463 589 indicet
1516 545 1820 590 numerus
1874 547 2003 590 uno
2051 523 2264 590 minor

226 651 325 714 ec,
364 651 495 715 quo
534 629 1065 695 circumactiones
1100 631 1534 715 nominentur,
1572 634 1638 696 et
1665 634 2006 716 praeterea
2033 653 2266 716 aequa-

232 736 363 800 lem
413 736 645 818 [arcui]
694 736 867 801 inter
912 739 1184 821 puncta,
1232 758 1397 821 quae
1443 738 2116 823 commemorauimus,
2159 757 2262 804 eo-

230 841 379 906 dem
424 842 623 908 modo
668 841 1007 930 sumptoff)

1158 1037 1335 1104 XXI.

366 1159 643 1246 Sumpto
690 1161 905 1245 spatio
954 1163 1420 1248 comprehenso
1467 1163 1694 1248 spirali
1737 1163 1951 1247 prima
1995 1164 2264 1228 circum-

228 1257 491 1332 actione
536 1266 860 1350 descripta
905 1273 973 1333 et
1016 1259 1191 1333 linea
1238 1269 1453 1352 prima
1491 1291 1734 1354 earum,
1782 1291 1948 1354 quae
1981 1270 2055 1334 in
2090 1269 2266 1355 prin.-

229 1372 410 1457 cipio
454 1372 975 1440 circumactionis
1022 1379 1201 1454 sunt,
1256 1376 1398 1441 fieri
1442 1380 1686 1462 potest,
1732 1380 1808 1442 ut
1852 1378 2095 1443 circum
2142 1377 2266 1442 hoc

228 1478 521 1562 spatium
564 1478 1133 1546 circumscribatur
1175 1481 1390 1566 figura
1431 1483 1632 1566 plana
1673 1489 1743 1547 et
1787 1483 1920 1548 alia
1953 1483 2265 1549 inscriba-

227 1588 342 1650 tur
396 1606 477 1649 a
530 1584 854 1650 similibus
901 1587 1264 1653 sectoribus
1311 1588 1740 1673 compositae,
1793 1590 1890 1654 ita
1935 1593 2010 1654 ut
2055 1589 2268 1674 figura

226 1691 723 1776 circumscripta
768 1692 1033 1766 excedat
1077 1693 1462 1776 inscriptam
1500 1694 1714 1778 spatio
1753 1695 2024 1778 minore,
2071 1717 2268 1779 quam

228 1800 339 1862 est
384 1797 723 1881 quodlibet
768 1798 1051 1882 spatium
1099 1799 1342 1864 datum.

368 1905 455 1969 sit
492 1904 777 1989 spiralis,
810 1905 883 1970 in
920 1926 1048 1988 qua
1081 1904 1173 1969 sit
1209 1908 1500 1990 ΑΒΓΔ,
1526 1906 1740 1991 prima
1767 1906 2266 1972 circumactione

229 2010 577 2094 descripta.
696 2013 764 2076 et
845 2011 1237 2096 principium
1309 2012 1572 2096 spiralis
1647 2012 1734 2076 sit
1804 2015 2120 2097 punctum
2193 2015 2268 2097 Θ,

226 2116 627 2201 principium
672 2120 891 2182 autem
938 2117 1463 2182 circumactionis
1508 2117 1686 2182 linea
1721 2123 1870 2202 ΘΑ,
1915 2122 1982 2184 et
2018 2118 2266 2203 primus
2319 2143 2324 2147 ·

228 2222 511 2288 circulus
558 2227 748 2288 ZHI
752 2228 837 2307 A,
880 2226 948 2288 et
992 2223 1296 2288 diametri
1343 2228 1504 2308 ΑΗ,
1541 2227 1652 2290 ΖΙ
1681 2225 1853 2291 inter
1891 2248 1960 2290 se
1996 2247 2268 2311 perpen-

226 2329 567 2395 diculares.
659 2330 905 2414 angulo
948 2329 1152 2415 igitur
1194 2331 1377 2394 recto
1420 2334 1486 2395 et
1528 2334 1810 2415 sectore,
1855 2331 1970 2416 qui
2012 2335 2266 2396 rectum

228 2435 549 2520 angulum
588 2435 1099 2519 comprehendit,
1136 2457 1391 2519 semper
1425 2436 1730 2520 deinceps
1758 2437 1829 2500 in
1857 2437 2015 2503 duas
2043 2441 2266 2521 partes

230 2541 539 2626 aequales
594 2541 836 2625 diuiso,
892 2562 1058 2626 quae
1110 2541 1504 2626 relinquitur
1561 2565 1716 2626 pars
1771 2543 2070 2627 sectoris,
2128 2542 2268 2624 [ali-

230 2648 519 2734 quando]
565 2648 781 2713 minor
824 2647 951 2712 erit
995 2647 1149 2712 dato
1196 2648 1414 2732 spatio
1463 2647 1669 2728 [Eucl.
1707 2647 1788 2733 X,
1839 2651 1924 2731 11.
1971 2651 2038 2714 et
2082 2652 2268 2714 ortus

377 2859 432 2926 1)
471 2855 584 2912 Cfr.
621 2873 779 2928 prop.
822 2862 889 2911 15
921 2857 1136 2926 coroll„
1172 2874 1331 2926 prop.
1374 2863 1439 2912 17
1481 2858 1672 2912 coroll.

1350 2987 1403 2994 .-

231 3057 279 3106 8.
319 3047 707 3123 λαμβάνοντα]
745 3049 1031 3122 λαβόνταῗ
1179 3056 1262 3106 12.
1302 3071 1488 3123 τομων
1523 3052 1595 3119 Ἐς
1646 3068 1789 3106 corr.
1825 3050 2079 3118 Nizzius3
2116 3052 2269 3108 idem

229 3123 407 3178 uerba
446 3118 507 3210 ἐξ
532 3118 758 3193 ὁμοίων
795 3121 1012 3194 τομέων
1051 3123 1424 3193 συγκείμενον
1460 3125 1592 3192 post
1625 3117 1981 3192 περιγράψαι
2008 3123 2266 3179 collocat.

228 3199 317 3250 20.
356 3193 517 3265 ποτ]
555 3210 695 3264 προς
729 3209 831 3264 per
867 3210 1048 3263 comp.
1088 3193 1159 3259 F3
1199 3210 1337 3249 corr.
1377 3193 1669 3250 Torellius.
1790 3197 2053 3264 αλληλαις
2089 3194 2132 3248 F
2170 3194 2267 3249 ad-

231 3262 353 3320 dito
406 3263 740 3333 compendio
777 3283 846 3327 ας
883 3278 1055 3334 supra
1089 3268 1149 3331 λς
1199 3280 1337 3320 corr.
1377 3265 1672 3320 Torellius.
1787 3269 1904 3319 23.
1942 3285 2046 3335 την
2084 3267 2268 3334 votvm·

224 3335 303 3410 Ἐς
346 3349 485 3390 corr.
518 3334 809 3391 Torellius.
885 3335 951 3389 In
987 3335 1168 3406 figura
1206 3335 1341 3390 ordo
1370 3335 1688 3391 litterarum
1715 3334 1976 3391 turbatus
2006 3336 2095 3390 est
2118 3334 2180 3390 in
2205 3333 2267 3392 F.
