2659 3967
642 175 741 230 DE
776 175 1189 231 PLANORUM
1228 175 1722 241 AEQUILIBRIIS
1761 179 1866 231 etc.
2142 175 2272 240 163

227 323 533 388 centrum
568 323 921 408 grauitatis
957 322 1245 406 positum
1284 321 1410 386 erit
1443 322 1514 386 in
1549 321 1728 386 linea
1755 325 1884 385 ΕΘ
1917 321 2014 385 ita
2040 320 2271 408 diuisa,

226 431 309 492 ut
362 431 584 512 partes
646 429 785 494 eius
845 430 915 494 in
966 429 1293 494 contraria
1337 429 1594 493 ratione
1642 427 1776 492 sint
1821 448 1896 492 ac
1942 429 2272 514 magnitu-

228 534 417 602 dines
474 537 685 620 [prop.
743 537 783 602 6
822 573 905 583 -
948 513 1065 616 7].‘
1136 534 1276 616 [sed
1330 537 1642 618 punctum
1697 537 1762 598 Γ
1815 533 2108 618 positum
2165 538 2268 600 est

226 642 300 706 in
354 641 532 706 linea
577 645 705 706 EZ
758 643 854 707 ita
909 642 1147 728 diuisa,
1206 645 1283 706 ut
1336 647 1558 726 partes
1615 641 1754 708 eius
1807 643 1880 707 in
1938 641 2269 707 contraria

226 748 484 815 ratione
532 749 667 814 sint
713 772 789 815 ac
834 746 1430 835 magnitudines].¹)
1506 771 1703 833 quare
1749 751 2063 833 punctum
2105 751 2170 812 Γ
2196 748 2268 812 in

231 856 522 922 sectione
564 857 644 942 ei,
690 880 884 943 quam
922 855 1597 937 commemorauimus,
1641 854 2059 939 respondenti
2095 855 2269 938 posi·

226 964 371 1026 tum
443 984 578 1028 non
642 962 782 1027 erit.
893 985 1092 1048 quare
1158 965 1472 1046 punctum
1538 963 1604 1026 Γ
1655 960 2124 1046 magnitudinis
2191 983 2269 1026 ex

224 1073 392 1153 AA,
431 1072 586 1133 AH
620 1070 1044 1155 compositae,
1088 1069 1151 1134 h.
1189 1090 1242 1133 e.
1279 1067 1750 1154 magnitudinis
1789 1071 1942 1152 AB,
1977 1072 2267 1134 centrum

222 1196 363 1240 non
420 1180 535 1242 est.
625 1198 854 1241 uerum
902 1179 1029 1262 est3
1082 1175 1207 1241 hoc
1254 1175 1428 1240 enim
1476 1175 1889 1259 suppositum
1935 1178 2053 1240 est.
2143 1176 2265 1239 ita·

225 1303 354 1367 que
399 1286 713 1366 punctum
760 1287 818 1347 Θ
863 1281 1332 1368 magnitudinis
1384 1285 1451 1344 A
1458 1283 1537 1344 H
1576 1284 1872 1346 centrum
1919 1281 2265 1366 grauitatis

220 1408 364 1452 non
408 1392 527 1454 est.

1182 1547 1299 1612 IX.

362 1669 663 1736 Ouiusuis
708 1673 1303 1758 parallelogrammi
1351 1675 1644 1737 centrum
1691 1671 2039 1756 grauitatis
2077 1672 2146 1735 in
2186 1693 2263 1737 ea

220 1777 401 1842 linea
462 1779 749 1862 positum
814 1782 940 1863 est,
1006 1801 1169 1864 quae
1234 1779 1450 1844 media
1503 1782 1745 1862 puncta
1800 1778 2077 1841 laterum
2135 1777 2262 1840 sibi

222 1885 674 1968 oppositorum
712 1886 1307 1971 parallelogrammi
1354 1886 1588 1971 iungit.

349 1992 1072 2076 pareallelogrammum
1102 1993 1191 2056 sit
1219 1995 1504 2076 ΑΒΓΔ,
1535 1996 1600 2056 et
1631 1991 1712 2056 ad
1741 1991 2025 2056 medium
2052 2013 2258 2076 punc-

218 2101 365 2161 tum
419 2098 697 2163 laterum
753 2103 914 2180 AB,
961 2102 1087 2163 ΓΔ
1144 2099 1367 2180 [ducta
1426 2100 1537 2181 sit]
1595 2102 1744 2164 EZ.
1835 2098 1980 2164 dico
2036 2098 2260 2184 igitur,

218 2207 517 2268 centrum
576 2205 923 2290 grauitatis
978 2204 1578 2289 parallelogrammi
1633 2209 1904 2270 ΑΒΓΔ
1957 2205 2028 2269 in
2084 2205 2259 2270 linea

216 2314 352 2374 EZ
395 2311 552 2375 fore.

353 2437 505 2480 nam
549 2438 632 2481 ne
680 2417 784 2500 sit,
828 2439 1076 2502 uerum,
1128 2418 1185 2482 si
1230 2418 1373 2482 fieri
1417 2421 1652 2503 potest,
1699 2419 1787 2483 sit
1831 2423 1904 2502 Θ,
1952 2422 2018 2483 et
2062 2418 2256 2484 duea-

154 2565 169 2576 -
213 2527 325 2587 tur
356 2525 471 2587 ΘΙ
510 2523 723 2588 lineae
760 2527 893 2587 AB
936 2524 1273 2608 parallela„
1346 2525 1569 2608 itaque
1616 2525 1789 2590 linea
1829 2529 1952 2589 ΕΒ
2001 2548 2255 2610 semper

214 2628 517 2714 deinceps
576 2631 647 2694 in
703 2629 863 2694 duas
922 2633 1143 2715 partes
1206 2631 1511 2714 aequales
1559 2631 1797 2714 diuisa,
1851 2652 2013 2715 quae
2057 2633 2251 2695 relin-

214 2736 463 2820 quitur,
526 2736 878 2818 aliquando
947 2737 1161 2801 minor
1220 2737 1344 2801 erit
1396 2737 1569 2802 linea
1623 2741 1670 2801 I
1674 2741 1748 2801 Θ.
1853 2739 1919 2800 et
1973 2741 2247 2822 utraque

210 2843 389 2907 linea
424 2846 573 2925 AE,
613 2847 729 2907 ΕΒ
774 2843 844 2906 in
880 2847 1098 2927 partes
1134 2844 1345 2908 lineae
1385 2847 1524 2907 ΕΚ
1559 2844 1863 2928 aequales
1903 2842 2246 2927 diuidatur,

274 3033 279 3038 ·
362 3021 415 3086 1)
451 3018 535 3070 Ex
572 3017 901 3087 hypothesig
939 3031 1122 3087 neque
1148 3017 1269 3072 fieri
1294 3019 1505 3088 potest,
1542 3019 1606 3071 ut
1635 3017 1709 3072 sit
1739 3021 1840 3072 ΓΖ
1860 3039 1873 3071 :
1897 3021 2005 3073 ΓΕ
2033 3035 2242 3106 aequa-

211 3087 283 3143 lis
334 3088 540 3143 rationi
586 3087 832 3157 partium
876 3087 1061 3143 lineae
1113 3090 1239 3143 ΓΘ.
1314 3093 1564 3144 ceterum
1608 3089 1869 3158 adparet,
1921 3091 2052 3144 ante
2099 3108 2241 3144 ωστε

208 3159 307 3213 lin.
348 3165 380 3212 3
425 3159 686 3213 lacunam
732 3175 878 3228 esse,
934 3176 1104 3228 quam
1149 3162 1297 3214 hunc
1341 3160 1402 3214 in
1446 3159 1675 3214 modum
1713 3159 1934 3231 expleoe
1982 3158 2048 3215 τὸ
2086 3159 2151 3216 δὲ
2193 3165 2249 3215 Γ

212 3225 308 3284 ἐπὶ
344 3231 444 3292 τᾶς
482 3233 587 3284 ΕΖ
624 3225 739 3286 ἐστι
774 3232 1114 3301 τμαθείσας,
1152 3224 1289 3287 ὅστε
1328 3227 1400 3286 τὰ
1436 3226 1702 3302 τμάματα
1738 3226 2238 3303 ἀντιπεπονθέμεν

207 3305 325 3363 τοῖς
362 3302 683 3370 μεγέθεσιν.

204 3459 335 3528 lius,
372 3463 437 3515 ut
473 3461 581 3527 lin„
608 3467 691 3516 20.
833 3468 915 3517 16.
958 3480 1114 3516 εσται
1150 3479 1250 3532 per
1288 3477 1467 3532 comp.
1507 3463 1569 3529 F,
1606 3463 1795 3532 uulgo,
1930 3469 2012 3516 19.
2051 3462 2231 3533 ποκά]

208 3531 515 3598 Torelliu83
553 3538 690 3587 ῂοια
727 3531 787 3602 F,
825 3533 1013 3601 uulgo,
1161 3528 1225 3603 ἆ]
1263 3533 1480 3600 addidi;
1521 3548 1628 3589 om.
1667 3532 1726 3601 F,
1765 3533 1954 3604 uulgo.

1816 3621 1925 3674 11*
