2659 3967
373 171 415 234 2
422 170 461 234 2
592 163 604 172 ‘
1136 171 1313 221 ΠΕΡΙ
1347 168 1656 250 mmm&

1361 371 1392 413 ε
1416 398 1433 413 .

505 472 785 541 Κύκλου
850 470 1177 550 δοθέντος
1238 470 1352 537 καὶ
1423 467 1695 551 εὐθείας
1761 470 2218 553 ἐπιψαυούσας
2288 474 2414 541 τοῦ

370 577 626 647 κύκλου
681 575 978 645 δυνατόν
1034 578 1215 644 ἐστιν
1270 572 1402 643 ἀπὸ
1459 578 1584 643 τοῦ
1641 576 1926 664 κέντρου
1975 578 2099 644 τοῦ
2159 576 2416 646 κύκλου

372 683 653 772 ἀγαγεῖν
698 682 981 752 εὐθεῖαν
1026 682 1179 750 ποτὶ
1215 682 1344 749 τὰν
1381 680 1878 767 ἐπιψαύουσαν,
1925 680 2094 751 ὥστε
2128 682 2258 751 τὰν
2303 709 2415 771 με-

303 806 337 855 5
373 790 538 873 ταξὺ
582 794 701 871 τᾶς
747 789 1206 871 ἐπιψαυούσας
1240 788 1352 857 καὶ
1387 791 1508 869 τοῖς
1543 791 1665 858 τοῦ
1701 787 1956 857 κύκλου
1991 796 2415 879 περιφερείας

314 977 334 997 .
368 896 655 974 ,εὐθεῖαν
718 897 873 965 ποτὶ
936 896 1065 963 τάν
1128 898 1201 965 ἐκ
1262 898 1387 963 τοῦ
1459 894 1743 984 κέντρου
1807 894 2142 964 ἐλάσσονα
2205 894 2416 983 λόγον

271 988 277 994 „
373 1009 582 1091 ἔχειν,
628 998 679 1089 ἢ
719 999 763 1069 ἆ
800 1002 1188 1092 περιφέρεια
1232 1004 1356 1069 τοῦ
1401 1000 1657 1069 κύκλου
1700 998 1745 1068 ἁ
1789 999 2034 1088 μεταξὺ
2069 1005 2191 1083 τοῖς
2235 998 2416 1088 ἆφᾶς

372 1111 486 1177 καὶ
529 1115 649 1191 τοῖς
695 1113 1087 1197 διαχθείσας
1132 1109 1284 1176 ποτὶ
1328 1106 1455 1175 τὰν
1501 1111 1828 1177 δοθεῖσαν
1884 1104 2259 1176 ὁποιανοῦν
2303 1108 2416 1177 κύ·-

373 1203 541 1285 κλου
584 1217 1035 1306 περιφέρειαν.

269 1336 338 1387 10
510 1322 823 1394 δεδόσθω
868 1321 1113 1402 κύκλος
1158 1319 1195 1389 ὁ
1242 1325 1465 1406 ΑΒΓ,
1510 1320 1790 1409 κέντρον
1837 1319 1913 1388 δὲ
1959 1318 2171 1389 αὐτοῦ
2216 1318 2294 1389 τὸ
2323 1328 2413 1406 Κ,

374 1429 489 1497 καὶ
535 1428 910 1511 ἐπιψαυὲτω
946 1430 1070 1497 τοῦ
1106 1427 1365 1497 κύκλου
1399 1423 1443 1495 ἆ
1482 1434 1553 1493 Δ
1561 1434 1617 1495 Ζ
1652 1424 1818 1495 κατὰ
1855 1424 1933 1494 τὸ
1969 1434 2048 1495 Β.
2098 1426 2414 1497 δεδόσθω

374 1536 455 1603 δὲ
498 1536 611 1603 καὶ
654 1533 909 1603 κύκλου
954 1534 1343 1623 περιφέρεια
1389 1530 1738 1603 ὁποιαοῦν.
1799 1531 2095 1601 δυνατὸν
2142 1532 2228 1620 δή
2276 1535 2414 1603 ἐστι

374 1644 494 1721 τᾶς
532 1644 852 1720 δοθείσας
888 1643 1310 1729 περιφερείας
1347 1644 1580 1727 λαβεῖν
1616 1665 1768 1708 τινα
1805 1636 2085 1707 εὐθεῖαν
2121 1644 2414 1726 μείζονα,

375 1746 487 1814 καὶ
561 1750 727 1815 ἔστω
794 1742 839 1814 ἆ
903 1754 968 1814 Ε
1036 1744 1272 1814 εὐθεῖα
1345 1750 1585 1831 μείζων
1658 1748 1776 1826 τᾶς
1849 1749 2170 1826 δοθείσας
2231 1768 2414 1835 περι-

271 1866 341 1917 15
376 1858 667 1942 φερείας.
739 1850 933 1939 ἄχθω
981 1850 1058 1919 δὲ
1103 1848 1237 1919 ἀπὸ
1282 1855 1408 1921 τοῦ
1453 1858 1524 1927 K
1565 1851 1852 1941 κέντρου
1895 1849 2077 1940 παρὰ
2120 1848 2249 1919 τὰν
2275 1859 2345 1920 Δ
2358 1858 2414 1920 Ζ

375 1955 419 2025 ἃ
468 1964 643 2040 ΛΗ,
696 1958 809 2025 καὶ
862 1963 1116 2026 κείσθω
1162 1954 1206 2025 ἆ
1253 1964 1394 2025 ΗΘ
1435 1966 1553 2026 ἶσα
1594 1962 1677 2048 τᾷ
1729 1966 1794 2027 Ε
1832 1957 2134 2027 νεύουσα
2177 1958 2286 2031 ἐπὶ
2332 1956 2410 2027 τὸ

377 2071 458 2150 Β,
506 2061 639 2133 ἀπὸ
689 2062 766 2131 δὲ
808 2067 937 2132 τοῦ
980 2070 1053 2132 K
1090 2064 1377 2153 κέντρου
1421 2064 1529 2135 ἐπὶ
1572 2064 1650 2133 τὸ
1697 2071 1756 2133 Θ
1801 2067 2266 2151 ἐπιζευχθεῖσα
2309 2066 2413 2132 ἐκ·

375 2170 756 2259 βεβλήσθω.
846 2168 971 2239 τὸν
1018 2166 1231 2239 αὐτὸν
1278 2170 1364 2255 δὴ
1411 2168 1619 2255 λόγου
1665 2174 1799 2258 ἔχει
1844 2167 1890 2237 ἆ
1917 2176 2043 2239 ΘΖ
2087 2170 2242 2239 ποτὶ
2285 2168 2414 2238 τὰν

376 2283 541 2362 ΘΚ,
605 2272 690 2344 ὃν
742 2272 789 2343 ἆ
835 2281 964 2343 ΒΘ
1016 2276 1170 2345 ποτὶ
1223 2273 1352 2344 τὰν
1396 2281 1552 2343 ΘΗ.
1642 2272 1688 2342 ἆ
1735 2274 1871 2366 ἄρα
1918 2282 2043 2345 ΖΘ
2086 2275 2241 2345 ποτὶ
2285 2275 2414 2343 τάν

269 2397 339 2447 20
377 2388 517 2451 ΘΚ
568 2380 903 2450 ἐλάσσονα
958 2380 1166 2468 λόγον
1221 2384 1355 2469 ἔχει
1399 2368 1556 2467 τοῦς
1610 2376 1695 2450 ὃν
1751 2378 1795 2449 ἅ
1842 2388 1972 2451 ΒΘ
2022 2383 2415 2472 περιφέρεια

374 2489 529 2558 ποτὶ
591 2485 719 2557 τὰν
784 2491 1112 2557 δοθεῖσαν
1184 2488 1648 2578 περιφέρειαν,
1724 2488 1899 2557 διότι
1972 2485 2016 2556 ἆ
2091 2487 2215 2576 μὲν
2287 2494 2417 2556 ΒΘ

377 2590 616 2663 εὐθεῖα
663 2592 969 2664 ἐλάσσων
1024 2594 1164 2663 ἐστὶ
1207 2596 1328 2675 τᾶς
1372 2600 1501 2662 ΒΘ
1543 2601 1999 2684 περιφερείας,
2061 2591 2106 2663 ἆ
2156 2594 2233 2663 δὲ
2277 2600 2426 2663 ΘΗ

376 2703 618 2787 μείζων
671 2703 789 2779 τᾶς
845 2704 1168 2781 δοθείσας
1212 2706 1654 2790 περιφερείας.
1746 2699 2081 2770 ἐλάσσονα
2127 2693 2257 2769 οὖν
2303 2700 2416 2770 λό-

376 2831 504 2891 γον
549 2810 683 2894 ἔχει
727 2807 841 2874 καὶ
887 2802 931 2873 ἆ
962 2812 1085 2874 ΖΘ
1129 2807 1282 2874 ποτὶ
1326 2804 1455 2873 τάν
1501 2806 1574 2872 ἐκ
1608 2809 1733 2874 τοῦ
1777 2806 2084 2896 κέντρου,
2128 2803 2174 2895 ἦ
2212 2804 2256 2875 ἆ
2286 2814 2416 2875 ΒΘ

270 2927 339 2977 25
377 2913 763 3001 περιφέρεια
809 2911 962 2982 ποτὶ
1006 2909 1133 2981 τάν
1179 2915 1509 2980 δοθεῖσαν
1553 2912 2004 3000 περιφέρειαν.

523 3129 576 3181 2.
614 3136 1011 3210 επιψαυουσης
1044 3120 2012 3208 F300rr.'1'orellius.12.d*vi
2081 3126 2305 3197 scripsi,
2346 3128 2411 3181 δε

378 3195 441 3263 F,
476 3196 651 3265 uulgo
851 3199 937 3249 15.
972 3166 1119 3279 ἀπό]
1158 3189 1293 3251 om?
1478 3199 1562 3248 17.
1601 3192 1696 3265 δέ]
1735 3193 1956 3282 soripsi3
2041 3215 2078 3265 η
2113 3196 2183 3267 F,
2169 3167 2417 3322 ,ου’ῑξο.

380 3238 678 3394 T’drfflim
577 3211 754 3335 (alt.)
790 3264 1014 3336 scripsi,
1062 3283 1099 3333 η
1148 3264 1217 3331 F,
1264 3264 1456 3334 uulgo.
1611 3271 1698 3321 20.
1738 3258 1808 3321 ὃν
1855 3236 1972 3334 ἔχει
2017 3262 2057 3321 ἆ
2095 3284 2320 3339 euepma
2349 3286 2417 3322 ur
