2659 3967
821 216 921 271 DE
958 214 1199 273 LINEIS
1238 216 1685 275 SPIRALIBUS.
2183 219 2268 284 19

362 483 434 551 Si
498 485 629 553 duo
698 490 945 572 puncta
1008 488 1081 551 in
1148 508 1265 553 sua
1328 488 1630 573 quodque
1691 488 1868 555 linea
1929 488 2058 555 sibi
2120 490 2268 577 ipsa

224 592 667 676 aequabiliter
708 592 1033 677 feruntur,
1080 595 1147 657 et
1189 592 1260 657 in
1303 596 1580 679 utraque
1625 594 1802 659 linea
1847 594 2010 659 duae
2053 596 2268 663 lineae

217 702 603 784 sumuntur,
662 720 939 783 quarum
987 699 1309 765 linearum
1356 703 1424 765 et
1463 700 1714 785 priores
1761 704 1828 765 et
1870 701 2268 786 posteriores

214 804 611 889 aequalibus
674 804 1075 889 temporibus
1138 828 1181 871 a
1232 805 1494 890 punctis
1550 810 1996 892 permeentur,
2056 806 2267 873 lineae

226 914 533 995 sumptae
580 910 851 976 eandem
893 911 1067 977 inter
1113 934 1183 976 se
1227 912 1549 977 rationem
1594 912 1946 980 habebunt.

361 1017 616 1083 feratur
677 1016 749 1081 in
802 1018 979 1083 linea
1023 1022 1155 1083 AB
1194 1022 1518 1102 punctum
1563 1019 1830 1105 aliquod
1875 1020 2006 1085 sibi
2049 1020 2268 1104 ipsum

218 1123 685 1208 aequabiliter,
750 1127 817 1189 et
876 1124 947 1189 in
1010 1124 1185 1189 linea
1238 1128 1309 1189 K
1317 1128 1382 1189 A
1438 1124 1618 1189 aliud
1668 1130 1984 1210 punctum
2039 1127 2268 1193 eodem

214 1229 441 1295 modo.
551 1232 889 1294 sumantur
962 1232 1179 1295 autem
1255 1230 1329 1294 in
1401 1229 1576 1295 linea
1639 1235 1769 1295 AB
1836 1230 2000 1297 duae
2055 1233 2268 1298 lineae

212 1338 368 1420 ΓΔ,
406 1340 563 1420 ΔΕ,
586 1340 677 1423 ‘et
719 1336 791 1401 in
823 1336 999 1401 linea
1033 1340 1104 1401 K
1112 1341 1175 1401 A
1210 1336 1423 1403 lineae
1462 1340 1614 1420 ZH,
1641 1341 1794 1417 ΗΘ,
1842 1341 1908 1403 et
1933 1342 2267 1421 punctum,

216 1440 403 1526 quod
448 1443 519 1507 in
562 1443 741 1508 linea
785 1446 917 1508 AB
963 1442 1193 1525 fertur,
1240 1443 1467 1508 eodem
1511 1446 1808 1529 tempore
1852 1444 2094 1509 lineam
2129 1448 2268 1509 ΓΛ

210 1554 549 1633 permeet,
611 1570 739 1633 quo
804 1549 1085 1614 alterum
1137 1546 1478 1633 punctum,
1544 1550 1717 1633 quod
1771 1550 1840 1613 in
1899 1549 2073 1616 linea
2124 1554 2195 1615 K
2204 1554 2268 1614 A

212 1654 463 1739 fertur,
516 1656 761 1720 lineam
817 1657 963 1719 ZH
1006 1658 1321 1738 permeat.
1410 1660 1478 1720 et
1534 1654 1759 1719 eodem
1814 1655 2006 1720 modo
2064 1655 2268 1721 etiam

212 1762 466 1827 lineam
526 1766 593 1825 A
602 1766 667 1826 E
727 1760 953 1826 eodem
1016 1764 1309 1844 tempore
1378 1763 1673 1843 permeet
1732 1764 2072 1844 punctum,
2137 1783 2268 1844 quo

216 1868 507 1933 alterum
580 1868 820 1933 lineam
884 1870 1023 1931 ΗΘ
1085 1870 1400 1949 permeat.
1508 1864 2082 1931 demonstrandum
2148 1872 2270 1951 est,

215 1996 367 2040 esse
412 1976 585 2039 PA:
625 1977 873 2041 AE===
922 1976 1103 2037 ZH:
1132 1976 1285 2037 ΗΘ.

356 2086 619 2164 tempus
655 2080 880 2165 igitur,
926 2100 1057 2163 quo
1093 2082 1410 2162 punctum
1445 2077 1684 2143 lineam
1719 2080 1856 2143 ΓΛ
1889 2081 2269 2165 permeauit,

214 2188 315 2251 sit
354 2190 531 2253 MN.
602 2186 825 2269 itaque
861 2185 987 2250 hoo
1023 2190 1317 2269 tempore
1356 2184 1636 2250 alierum
1671 2190 1987 2269 punctum
2023 2186 2267 2251 lineam

220 2296 372 2357 ΖΗ
430 2295 745 2377 permeat.
834 2312 1057 2355 rursus
1125 2294 1345 2355 autem
1409 2294 1667 2374 tempus
1677 2342 1694 2376 ,
1755 2313 1883 2375 quo
1946 2296 2266 2376 punctum

218 2400 469 2465 lineam
518 2401 663 2461 AE
711 2396 1103 2481 permeauit,
1160 2396 1247 2461 sit
1290 2398 1368 2460 N
1371 2396 1443 2471 Ξ.
1531 2396 1658 2462 hoe
1713 2397 1918 2483 igitur
1970 2402 2266 2483 tempore

218 2508 433 2572 etiam
505 2506 783 2571 alterum
844 2506 1158 2588 punctum
1219 2501 1464 2568 lineam
1527 2506 1666 2567 ΗΘ
1729 2508 2034 2587 permeat.
2143 2506 2271 2570 eriss

660 2630 705 2678 Α
854 2627 909 2678 Γ
1226 2628 1279 2677 Δ
1599 2626 1650 2676 Ε
1793 2626 1838 2679 Β

884 2695 890 2731 ι
1161 2694 1626 2731 -ι------.--;

659 2772 707 2822 Α
856 2770 899 2821 Ζ
1224 2770 1286 2819 Η
1639 2768 1688 2821 Θ
1786 2770 1844 2821 K

664 2836 1333 2873 ———-—1-—-———-—-—1—-
1671 2838 1838 2873 ι---

659 2912 748 3001 {n—
1044 2911 1109 2961 N
1445 2908 1500 2966 Ξ

222 3070 435 3155 igitur
462 3072 597 3135 ΓΛ
626 3094 643 3135 2
674 3074 921 3135 ΛΕ--.
951 3072 1155 3135 MN:
1184 3068 1325 3144 ΝΞ
1353 3073 1420 3133 et
1449 3042 2268 3145 ΖΗιΗΘ--ΜΜΝΞ

222 3179 441 3263 [prop.
486 3178 572 3258 1].
646 3177 918 3261 adparet
961 3175 1183 3261 igitur,
1228 3197 1372 3241 esse
1417 3178 1584 3242 I'A:
1619 3178 1759 3240 ΔΕ
1785 3206 1867 3229 ==
1900 3178 2043 3239 ZH
2060 3199 2076 3240 ε
2105 3179 2261 3241 ΗΘ.

372 3358 457 3408 10.
494 3350 591 3423 τᾶ]
629 3370 705 3406 τω
732 3352 803 3419 F3
841 3368 981 3406 corr.
1006 3350 1071 3405 B.
1194 3356 1274 3406 14.
1318 3347 1720 3421 ἐνηνεγμένῠν]
1762 3348 1984 3419 scripsi3
2023 3366 2260 3417 ηνεγμε-

223 3441 329 3476 νον
364 3420 429 3491 F,
470 3404 655 3491 uulgo.
812 3426 897 3477 15.
934 3414 1317 3492 σαμεῑονΪείο
1353 3420 1417 3489 F,
1451 3424 1520 3475 ut.
1551 3420 1649 3475 lin.
1691 3427 1773 3475 12.
1895 3425 1980 3474 21.
2019 3416 2110 3489 δέ]
2151 3418 2263 3473 Το-

223 3491 446 3560 rellius;
494 3494 567 3561 δη
604 3492 675 3561 F,
710 3493 901 3564 uulgO.
1061 3497 1147 3546 25.
1192 3494 1354 3561 ποτί]
1393 3492 1594 3563 (prius)
1637 3510 1780 3561 προς
1820 3506 1923 3561 per
1969 3506 2148 3559 comp.
2187 3490 2260 3557 F;

228 3579 369 3620 corr.
408 3562 699 3620 (Perellius,
846 3569 931 3619 26.
970 3566 1033 3617 Ν
1040 3562 1119 3635 Ξ]
1158 3563 1289 3622 ΜΞ
1320 3564 1380 3617 F.
1526 3568 1612 3617 27.
1653 3580 1852 3631 εχωντι
1887 3559 1946 3615 F.

1860 3648 1938 3702 2*
