2659 3967
691 211 1195 278 QUADRATURA
1232 209 1686 268 PAR-ABOLAE.
2073 212 2207 278 335

166 359 251 420 ut
316 356 386 420 in
449 357 895 440 propositione
959 356 1372 440 praecedenti
1389 352 1438 442 ¹)
1505 357 2022 437 demonstratum
2087 362 2206 424 est.

167 462 399 546 itaque

172 587 1087 667 BTE÷Ber<EM÷
1126 584 1946 668 QN÷E²F÷11T÷
1980 591 2204 652 ΓΠΣ.

174 731 375 794 quare
423 709 664 794 ablato,
712 709 886 794 quod
921 730 1260 778 commune
1298 714 1417 794 est,
1464 715 1799 794 segmento
1836 712 2204 796 triangulus

173 817 380 881 ΓΒΕ
420 815 633 879 minor
680 815 804 880 erit
850 815 1081 898 spatiis
1127 815 1426 900 reliquis3
1487 816 1657 900 quod
1705 817 1846 880 fieri
1889 839 2023 882 non
2060 819 2202 900 pot-

175 926 296 988 est.
368 943 521 986 nam
567 921 1083 986 demonstratum
1132 927 1249 1006 est,
1293 923 1694 1008 triangulum
1735 924 1936 987 ΒΕΓ
1973 943 2205 1006 aequa-

172 1029 306 1094 lem
362 1049 502 1093 esse
557 1031 815 1109 EM÷
854 1031 990 1092 ΦΛ
1020 1030 1099 1110 -Ι-
1132 1030 1362 1110 ΘΡ-Ι-
1396 1031 1523 1093 ΘΟ
1553 1032 1632 1110 -1-
1667 1030 1875 1093 ΓΟΣ
1920 1031 2005 1112 [p.
2055 1029 2205 1113 330,

178 1136 327 1225 22],
385 1155 549 1219 quae
609 1133 863 1199 maiora
921 1139 1075 1199 sunt
1131 1135 1363 1218 spatiis
1418 1134 1702 1220 reliquis.
1794 1135 2014 1220 itaque
2061 1155 2206 1220 seg-

176 1245 472 1306 mentum
510 1243 712 1305 ΒΘΓ
745 1241 957 1305 minus
1003 1263 1136 1306 non
1184 1244 1284 1308 est
1328 1243 1540 1325 spatio
1573 1245 1655 1325 Z;
1705 1245 1771 1306 et
1807 1241 2205 1306 demonstra-

174 1351 321 1412 tum
371 1350 487 1430 est,
532 1347 598 1411 id
643 1368 725 1410 ne
760 1347 969 1411 maius
1009 1347 1266 1431 quidem
1304 1368 1464 1411 esse.
1536 1337 1757 1432 itaque
1798 1349 2206 1432 segmentum

180 1452 449 1536 aequale
496 1455 596 1516 est
642 1452 852 1536 spatio
902 1455 972 1516 Z.

1094 1661 1305 1730 XVII.

314 1789 459 1854 Hoc
496 1789 941 1854 demonstrato
978 1787 1401 1853 manifestum
1438 1791 1556 1872 est,
1601 1787 1876 1872 quoduis
1915 1809 2206 1874 segmen-

183 1900 324 1960 tum
380 1896 559 1960 linea
617 1899 795 1960 recta
852 1898 917 1959 et
972 1896 1256 1960 sectione
1312 1896 1458 1960 coni
1504 1895 1871 1980 rectanguli
1917 1916 2208 1979 compre-

181 2001 455 2067 hensum
530 2002 730 2066 tertia
802 2005 985 2084 parte
1058 2001 1268 2066 maius
1335 2022 1474 2065 esse
1536 2000 1868 2084 triangulo
1935 2001 2208 2066 eandem

182 2108 396 2173 basim
449 2107 747 2191 habenti,
802 2129 997 2192 quam
1050 2110 1485 2192 segmentum,
1541 2111 1607 2171 et
1653 2106 2061 2172 altitudinem
2109 2128 2208 2171 ae-

186 2215 457 2298 qualem

318 2321 405 2385 sit
450 2321 621 2385 enim
652 2323 735 2402 [B
748 2323 905 2402 ΘΓ]
954 2323 1364 2405 segmentum
1400 2319 1575 2385 linea
1610 2323 1788 2386 recta
1825 2323 1891 2384 et
1927 2319 2209 2384 sectione

188 2427 335 2492 coni
379 2427 743 2512 rectanguli
786 2426 1352 2510 comprehensum,
1397 2429 1622 2492 uertex
1669 2429 1889 2491 autem
1937 2426 2075 2490 eius
2123 2425 2211 2488 sit

185 2537 501 2616 punctum
539 2537 615 2616 Θ,
660 2537 726 2598 et
770 2533 831 2597 ei
874 2533 1268 2597 inscribatur
1304 2533 1670 2617 triangulus
1707 2533 1910 2597 ΒΘΓ
1939 2531 2208 2596 eandem

186 2638 397 2702 basim
434 2638 704 2722 habens,
739 2661 935 2722 quam
972 2642 1398 2722 segmentum,
1435 2642 1502 2702 et
1538 2637 1948 2702 altitudinem
1977 2657 2210 2720 aequae

186 2742 333 2806 lem.
422 2743 553 2806 iam
610 2744 919 2826 quoniam
974 2748 1287 2826 punctum
1332 2747 1392 2806 Θ
1445 2747 1668 2806 uertex
1725 2745 1826 2805 est
1871 2742 2212 2826 segmenti,

187 2847 360 2912 linea
406 2869 446 2912 a
489 2850 731 2932 puncto
768 2852 827 2912 Θ
870 2847 1191 2913 diametro
1228 2847 1545 2932 parallela
1581 2847 1775 2911 ducta
1809 2846 2049 2912 lineam
2085 2849 2218 2911 ΒΓ

186 2954 256 3020 in
302 2954 461 3018 duas
503 2957 724 3037 partes
770 2954 1073 3039 aequales
1119 2949 1450 3039 diuidiff),
1504 2956 1571 3017 et
1614 2953 1786 3019 ‚linea
1831 2955 1964 3018 ΒΓ
1999 2953 2208 3018 lineae

186 3061 257 3124 in
302 3064 359 3124 Θ
405 3059 756 3125 sectionem
802 3058 1205 3143 contingenti
1249 3058 1567 3142 parallela
1611 3062 1714 3122 est
1761 3061 1970 3146 [prop.
1999 3061 2079 3144 .1‚
2114 3061 2208 3140 b].

333 3274 384 3342 1)
420 3272 490 3327 Η.
528 3287 575 3326 e.
615 3285 770 3341 prop.
796 3275 1022 3338 14—15‚
1061 3285 1203 3339 quae
1230 3267 1514 3324 fortasse
1496 3287 1558 3324 ιιι
1583 3285 1756 3324 unum
1785 3267 2210 3338 coniungendae

192 3345 385 3482 erantz)
421 3413 529 3468 Per
572 3427 899 3494 conuersam
934 3428 1092 3495 prop.
1134 3416 1216 3466 18.
1263 3411 1467 3466 mirum
1506 3414 1618 3478 est,
1664 3407 2060 3464 Archimedem
2094 3407 2210 3461 iam

193 3483 298 3538 hoc
332 3485 456 3540 loco
492 3483 725 3539 nomina
762 3479 923 3556 βάσις
958 3483 1059 3538 τοῦ
1098 3501 1353 3554 τμαματο
1357 3503 1384 3545 c
1420 3485 1547 3537 otu
1514 3478 1742 3564 κορυφαὶ
1779 3481 1882 3535 τοῦ
1919 3475 2142 3550 τμάματ
2147 3497 2210 3541 ος

193 3571 499 3625 usurpasse,
537 3571 683 3625 quae
718 3555 866 3610 infra
902 3554 1124 3610 demum
1165 3556 1239 3625 (p.
1280 3560 1402 3621 336,
1443 3555 1533 3622 12)
1570 3551 1922 3608 definiuntur.
