2659 3967
798 205 896 261 DE
934 205 1175 262 LINEIS
1214 204 1658 264 SPIRALIBUS.
2157 205 2244 271 99

212 350 444 436 diuiso,
488 351 663 436 quod
705 352 1114 436 relinquitur,
1156 351 1371 416 minus
1429 352 1552 417 erit
1597 351 1811 437 spatio
1851 352 2022 418 dato.
2115 373 2246 420 sec-

207 461 315 523 tor
360 461 575 523 ΘΑΚ
618 457 705 522 sit
748 457 901 524 dato
951 458 1166 543 spatio
1214 458 1442 523 minor.
1515 457 1742 522 eodem
1785 458 1988 543 igitur
2032 459 2249 543 modo,

208 584 337 650 quo
413 567 636 647 antea,
708 565 936 630 circuli
998 565 1450 630 describantur
1512 585 1630 648 per
1693 585 1771 630 ea
1833 569 2104 648 puncta,
2175 565 2248 629 in

208 670 446 755 quibus
490 670 705 736 lineae
750 672 1054 756 aequales
1094 672 1370 756 angulos
1407 671 1488 737 ad
1526 674 1586 735 Θ
1618 674 1927 754 punctum
1969 670 2247 736 efficien-

207 781 307 842 tes
356 777 665 862 spiralem
712 781 953 862 secant,
996 779 1095 843 ita
1129 782 1207 843 ut
1243 778 1692 862 unusquisque
1739 798 1927 842 arcus
1963 781 2032 842 et
2065 799 2245 863 prae-

209 883 466 948 cedenti
508 883 719 948 lineae
765 887 833 948 et
868 883 1164 968 sequenti
1205 887 1524 950 occurrat.
1597 883 1724 948 erit
1759 883 1966 969 igitur
2002 884 2245 949 circum

209 989 497 1075 spatium
542 990 1081 1075 comprehensum
1126 990 1358 1076 spirali
1393 993 1736 1056 ΑΒΓΔΕ
1765 993 1835 1054 et
1867 990 2060 1055 lineis
2095 997 2160 1056 A
2169 995 2246 1076 Θ,

208 1099 342 1160 ΘΕ
400 1095 614 1182 figura
670 1096 869 1182 plana
927 1096 1420 1182 circumscripta
1479 1099 1545 1161 et
1603 1096 1732 1161 alia
1789 1096 2106 1182 inscripta
2169 1119 2248 1164 ex

209 1203 537 1268 similibus
574 1203 931 1269 sectoribus
967 1203 1387 1288 compositae,
1423 1206 1490 1268 et
1518 1201 1734 1288 figura
1761 1203 2249 1289 circumscripta

208 1308 461 1375 excedit
496 1310 879 1396 inscriptam
918 1309 1133 1396 spatio
1162 1311 1432 1393 minore,
1477 1331 1674 1395 quam
1702 1313 1804 1374 est
1840 1309 2062 1376 datum
2101 1333 2246 1396 spa-

204 1416 396 1482 tium.
489 1438 567 1482 eo
612 1416 789 1482 enim
832 1417 1047 1482 minor
1095 1418 1197 1480 est
1242 1419 1456 1482 sector
1501 1420 1728 1482 ΘΑΚ.

955 1607 1498 1664 COROLLARIUM.

343 1713 519 1780 Hinc
546 1717 970 1782 manifestum
999 1721 1118 1802 est,
1152 1717 1297 1783 fieri
1323 1739 1536 1802 posse,
1569 1721 1647 1783 ut
1673 1718 1912 1783 circum
1943 1718 2246 1802 spatium,

209 1823 385 1908 quod
435 1824 1107 1907 commemorauimus‚
1140 1823 1356 1909 figura
1390 1824 1590 1909 plana
1627 1823 1944 1890 eiusmodi
1979 1823 2247 1889 circum-

209 1930 552 2014 scribatur,
587 1931 685 1996 ita
730 1934 805 1997 ut
848 1932 1063 2018 figura
1107 1931 1603 2016 circumscripta
1648 1929 1916 1996 excedat
1961 1930 2246 2015 spatium

214 2037 430 2122 spatio
476 2037 743 2121 minore,
789 2059 985 2122 quam
1031 2040 1133 2101 est
1176 2036 1519 2122 quodlibet
1563 2037 1787 2102 datum
1832 2036 2136 2122 spatium,
2183 2041 2252 2102 et

206 2165 436 2208 rursus
497 2144 919 2227 inscribatur,
973 2144 1071 2208 ita
1128 2147 1202 2209 ut
1256 2144 1544 2228 spatium
1597 2143 1764 2209 illud
1818 2145 2096 2229 figuram
2149 2143 2246 2208 in-

208 2249 525 2334 scriptam
578 2250 847 2315 excedat
902 2249 1115 2334 spatio
1172 2250 1452 2334 minore,
1513 2272 1706 2336 quam
1763 2254 1866 2316 est
1912 2251 2249 2336 quodlibet

207 2355 433 2420 datum
481 2356 769 2440 spatium
820 2357 909 2440 [p.
956 2355 1041 2420 93
1087 2359 1223 2421 not.
1275 2357 1362 2438 1].

1102 2548 1342 2616 XXIV.

345 2671 643 2759 Spatium
678 2673 1219 2759 comprehensum
1250 2675 1478 2759 spirali
1504 2677 1720 2759 prima
1746 2676 2243 2741 circumactione

207 2778 538 2865 descripta
584 2782 651 2844 et
695 2781 869 2846 linea
913 2781 1129 2864 prima
1166 2803 1410 2865 earum,
1457 2803 1622 2867 quae
1656 2782 1726 2846 in
1762 2782 2082 2866 principio
2119 2783 2244 2846 cir-

207 2886 639 2951 cumactionis
686 2889 859 2970 sunt,
903 2887 1102 2952 tertia
1145 2909 1300 2971 pars
1351 2890 1452 2952 est
1497 2886 1719 2953 circuli
1764 2883 2036 2975 primi.¹)

354 3099 405 3165 1)
445 3095 565 3150 Hoe
602 3097 895 3152 theorema
933 3097 1047 3151 suis
1075 3097 1264 3152 uerbis
1291 3097 1648 3167 propositum
1685 3099 1743 3153 et
1766 3098 1997 3170 propria
2021 3101 2241 3155 ratione

205 3168 655 3223 demonstratum
689 3167 867 3222 habet
900 3168 1127 3238 Pappus
1164 3167 1259 3234 lv,
1299 3175 1372 3222 34
1409 3188 1463 3238 p.
1502 3173 1768 3226 236-38.

202 3367 275 3400 τα
313 3347 383 3414 F,
418 3345 610 3414 qugO.
766 3353 816 3402 4.
858 3365 1068 3401 εκαστα
1102 3347 1176 3414 F;
1215 3364 1356 3402 corr.
1397 3347 1690 3402 Torellius.
1838 3355 1886 3403 7.
1923 3350 2086 3418 περί]
2127 3364 2236 3403 om.

200 3417 270 3484 Ἐς
310 3434 450 3472 corr.
489 3417 783 3472 Torellius.
912 3423 994 3474 14.
1034 3421 1203 3472 ελασσ
1238 3435 1368 3472 cum
1406 3435 1586 3488 comp.
1627 3438 1691 3473 ον
1727 3419 1790 3474 F.
1902 3425 1983 3475 18.
2024 3418 2236 3489 σχῆμα]

204 3488 421 3554 addidi;
473 3504 580 3544 om.
619 3489 681 3556 F,
721 3489 913 3559 uulgo,
1059 3493 1145 3544 21.
1183 3490 1283 3543 καὶ
1320 3485 1492 3544 πάλιν
1531 3489 1604 3544 ad
1640 3489 1734 3546 lin.
1775 3495 1843 3544 23
1881 3491 2088 3559 χωρίου
2127 3506 2235 3544 om.

203 3561 275 3628 F;
314 3576 453 3615 corr.
492 3559 764 3616 Riualtus.
911 3565 999 3617 24.
1035 3555 1127 3615 κε’
1166 3559 1226 3613 F.

1844 3648 1915 3703 7*
