2659 3967
388 179 523 242 220
906 178 1293 232 ΕΠΠῙΕΔῼΝ
1328 176 1783 231 ΙΣοΡΡοΠΙΩΝ
1817 173 1908 229 Β’.

388 327 526 388 BA
582 325 713 408 ἔχει
768 318 887 388 τὸν
935 318 1145 389 αὐτὸν
1200 319 1441 408 λόγον,
1498 314 1581 385 ὃν
1627 315 1670 384 ἆ
1716 325 1859 384 AA
1904 316 2054 383 ποτὶ
2099 312 2223 384 τὰν
2264 323 2428 400 ΔΕ,

386 428 500 494 καὶ
568 426 1076 515 συναμφότερος
1148 424 1191 494 ἁ
1256 434 1421 512 ΛΒ,
1486 430 1619 493 ΒΓ
1673 423 1825 491 ποτὶ
1887 421 2012 490 τάν
2076 429 2235 507 ΕΒ,
2307 421 2429 488 καὶ

386 533 604 622 πάντα
675 534 829 602 ποτὶ
900 533 1135 602 πάντα.
1233 532 1356 601 τὸν
1429 529 1639 600 αὐτὸν
1712 529 1844 617 ἄρα
1908 529 2116 616 λόγον
2180 533 2312 616 ἔχει
2377 526 2429 594 ἆ

388 649 532 709 ΑΔ
577 641 729 708 ποτὶ
773 638 898 708 τὰν
938 648 1094 726 ΛΕ,
1144 636 1225 708 ὃν
1273 638 1316 706 ἅ
1366 649 1478 707 ἴσα
1523 643 1606 727 τᾷ
1653 663 1724 706 τε
1771 642 2090 726 διπλασία
2133 639 2251 716 τᾶς
2285 642 2422 702 ΑΒ

317 772 348 821 5
384 747 498 813 καὶ
552 751 635 837 τᾷ
687 753 1045 837 τριπλασίᾳ
1097 751 1215 826 τᾶς
1259 753 1382 814 ΓΒ
1429 746 1540 812 καὶ
1585 749 1667 834 τᾷ
1715 754 1783 812 A
1792 752 1850 812 B
1895 744 2046 812 ποτὶ
2092 741 2217 810 τάν
2263 750 2425 811 ἴσαν

385 857 469 942 τᾷ
528 878 598 921 τε
660 858 977 943 διπλασία
1032 856 1155 932 τᾶς
1207 858 1344 919 BA
1400 852 1513 918 καὶ
1571 854 1654 937 τᾷ
1700 857 1845 917 ΒΕ.
1937 845 2019 917 ὃν
2079 848 2155 916 δὲ
2213 847 2424 933 λόγον

388 963 520 1045 ἔχει
566 956 609 1026 ἆ
658 967 772 1028 ἴσα
816 964 898 1047 τᾷ
936 984 1006 1026 τε
1044 962 1363 1046 διπλασία
1397 961 1516 1037 τᾶς
1543 963 1675 1024 ΑΒ
1711 956 1822 1023 καὶ
1858 961 1940 1043 τᾷ
1977 960 2426 1044 τετραπλασίᾳ

386 1068 507 1143 τᾶς
540 1072 674 1134 ΒΓ
710 1065 823 1132 καὶ
866 1069 949 1154 τᾷ
995 1069 1440 1154 τετραπλασίᾳ
1483 1067 1600 1143 τᾶς
1636 1070 1773 1130 ΒΔ
1817 1064 1929 1130 καὶ
1974 1067 2056 1151 τᾷ
2103 1066 2426 1151 διπλασία

385 1175 506 1251 τᾶς
551 1178 684 1238 ΒΕ
732 1172 886 1240 ποτὶ
938 1171 1065 1238 τάν
1122 1178 1279 1238 ἴσαν
1332 1174 1416 1259 τᾷ
1469 1195 1541 1238 τε
1597 1174 1913 1257 διπλασία
1957 1173 2078 1248 τᾶς
2123 1175 2259 1236 AB
2303 1167 2418 1234 καὶ

282 1303 349 1351 1ο
386 1281 470 1366 τᾷ
526 1284 683 1363 ΕΒ,
735 1281 984 1345 τοῦτον
1040 1279 1169 1358 ἕξει
1225 1273 1268 1342 ἁ
1318 1284 1457 1343 AA
1510 1277 1663 1343 ποτὶ
1719 1274 2050 1343 ἐλάσσονα
2104 1279 2220 1354 τᾶς
2267 1281 2423 1342 ΔΕ.

388 1382 584 1469 ἐχέτω
632 1373 762 1450 οὖν
806 1382 960 1450 ποτὶ
989 1389 1142 1450 ΔΟ.
1206 1383 1319 1449 καὶ
1366 1379 1740 1468 ἄμφοτέραι
1786 1380 1862 1448 δὲ
1905 1381 2058 1448 ποτὶ
2093 1378 2214 1460 τὰς
2248 1379 2424 1468 προό-

386 1513 503 1569 τας
556 1487 677 1557 τὸν
733 1486 942 1556 αὐτὸν
998 1489 1261 1570 ἑξοῦντι
1314 1488 1542 1574 λόγον.
1634 1489 1762 1569 ἕξει
1817 1477 1945 1555 οὖν
2000 1484 2042 1554 ἆ
2093 1493 2222 1554 ΟΛ
2268 1487 2422 1555 ποτὶ

387 1604 451 1662 A
462 1604 530 1663 A
582 1593 705 1663 τὸν
760 1592 969 1663 αὐτὸν
1021 1594 1260 1680 λόγον,
1318 1590 1402 1662 ὃν
1449 1590 1491 1660 ἆ
1540 1601 1651 1660 ἴσα
1696 1597 1779 1682 τᾷ
1826 1619 1895 1660 τε
1942 1597 2258 1682 διπλασία
2301 1597 2424 1673 τοῖς

386 1708 451 1768 A
461 1708 519 1769 Β
572 1701 685 1768 καὶ
738 1707 1183 1789 τετραπλασίᾳ
1225 1703 1346 1778 τᾶς
1389 1706 1512 1768 ΓΒ
1559 1701 1670 1766 καὶ
1717 1701 2078 1790 ἑξαπλασίᾳ
2121 1704 2238 1780 τᾶς
2283 1707 2422 1768 ΒΔ

281 1833 347 1882 15
383 1808 496 1875 καὶ
540 1814 898 1898 τριπλασίᾳ
932 1811 1051 1886 τᾶς
1086 1814 1220 1874 ΒΕ
1252 1806 1406 1874 ποτὶ
1441 1805 1568 1873 τάν
1607 1807 2050 1892 συγκειμέναν
2087 1812 2160 1875 ἔκ
2193 1832 2265 1874 τε
2299 1809 2422 1886 τᾶς

386 1917 740 1992 διπλασίας
794 1913 1303 1999 συναμφοτέρας
1355 1915 1475 1990 τᾶς
1520 1919 1685 1996 ΑΒ,
1732 1919 1858 1980 ΕΒ
1903 1913 2016 1980 καὶ
2060 1920 2420 2002 τετραπλα-

386 2027 535 2100 σίας
580 2020 1095 2106 συναμφοτέρου
1138 2023 1256 2099 τᾶς
1300 2023 1454 2102 ΓΒ,
1501 2025 1655 2085 BA.
1728 2023 1861 2106 ἔχει
1907 2020 1984 2087 δὲ
2026 2019 2140 2087 καὶ
2185 2016 2228 2086 o‘c
2276 2028 2340 2086 Α
2353 2027 2420 2086 A

385 2126 537 2195 ποτὶ
582 2133 656 2192 H
662 2132 721 2192 Θ
773 2123 894 2192 τὸν
952 2123 1161 2192 αὐτὸν
1216 2123 1456 2211 λόγον,
1512 2121 1597 2193 ὃν
1652 2121 1696 2192 ἆ
1752 2131 2204 2194 πενταπλασία
2259 2145 2417 2193 συν-

386 2232 771 2318 αμφοτέρου
824 2234 942 2309 τᾶς
986 2240 1052 2298 Α
1061 2237 1149 2316 Β,
1198 2237 1329 2298 ΒΕ
1380 2229 1542 2318 μετὰ
1596 2233 1716 2310 τᾶς
1771 2234 2214 2310 δεκαπλασίας
2260 2253 2416 2300 συν-

280 2363 349 2412 20
388 2338 773 2426 αμφοτέρου
825 2340 943 2417 τᾶς
987 2344 1143 2421 ΓΒ,
1190 2346 1327 2405 ΒΛ
1373 2338 1525 2406 ποτὶ
1569 2337 1696 2407 τὰν
1743 2339 2184 2425 συγκειμέναν
2231 2343 2304 2406 ἒκ
2347 2364 2416 2406 τε

384 2447 503 2523 τᾶς
548 2447 901 2522 διπλασίας
943 2448 1063 2522 τᾶς
1108 2451 1241 2512 AB
1285 2444 1399 2511 καὶ
1443 2448 1562 2524 τᾶς
1606 2452 2084 2533 τετραπλασίας
2128 2449 2247 2525 τοῖς
2293 2451 2413 2512 ΓΒ

384 2549 497 2616 καὶ
550 2552 669 2629 τᾶς
720 2555 1112 2639 τριπλασίας
1163 2554 1282 2630 τᾶς
1324 2557 1454 2618 ΕΒ
1500 2550 1613 2618 καὶ
1659 2552 2054 2632 ἑξαπλασίας
2099 2556 2216 2633 τᾶς
2260 2559 2448 2632 ΒΔ.,

384 2653 723 2741 ἀνομοίως
768 2656 844 2724 δὲ
888 2659 1024 2723 τῶν
1071 2655 1294 2742 λόγων
1340 2659 1780 2744 τεταγμένων,
1828 2659 2171 2726 τουτέστιν
2208 2661 2282 2727 ἐν
2317 2667 2413 2726 τε-

382 2763 766 2852 ταραγμένα
822 2760 1183 2853 ἀναλογία,
1244 2761 1336 2830 δι’
1399 2771 1552 2831 ἴσου
1604 2762 1727 2831 τὸν
1773 2761 1983 2831 αὐτὸν
2030 2768 2162 2851 ἔχει
2208 2765 2416 2852 λόγον

277 2890 346 2941 25
384 2865 427 2935 ἆ
471 2873 601 2935 ΟἈ
647 2868 797 2935 ποτὶ
833 2875 991 2954 ΗΘ,
1040 2865 1122 2937 ὃν
1170 2866 1213 2935 ἆ
1254 2875 1712 2937 πενταπλασία
1746 2873 2264 2959 συναμφοτέρου
2299 2876 2417 2952 τᾶς

383 2982 547 3060 ΑΒ,
604 2981 661 3042 Β
681 2981 744 3041 Ε
794 2973 954 3060 μετὰ
1011 2978 1131 3056 τοῖς
1186 2979 1629 3056 δεκαπλασίας
1683 2980 1808 3044 τᾶν
1861 2982 2018 3063 ΓΒ,
2073 2984 2131 3044 Β
2144 2986 2212 3044 A
2265 2978 2415 3046 ποτὶ

381 3079 507 3148 τὰν
567 3081 1011 3166 συγκειμέναν
1070 3085 1143 3148 ἔκ
1200 3107 1270 3149 τε
1322 3087 1442 3161 τᾶς
1496 3086 1849 3162 διπλασίας
1902 3086 2418 3171 συναμφοτέρου

383 3189 499 3267 τᾶς
535 3194 599 3252 A
609 3193 688 3271 B,
742 3192 868 3252 ΒΕ
907 3186 1020 3253 καὶ
1064 3189 1182 3266 τᾶς
1224 3195 1703 3276 τετραπλασίας
1749 3191 2266 3278 συναμφοτέρου
2299 3195 2418 3272 τᾶς

384 3298 533 3377 ΓΒ,
579 3297 637 3358 Β
652 3298 734 3358 A.
808 3287 953 3357 ἀλλ’
1006 3289 1048 3358 ἆ
1097 3295 1498 3380 συγκειμένα
1543 3298 1616 3361 ἔκ
1661 3319 1730 3362 τε
1773 3298 1892 3375 τᾶς
1929 3302 2418 3378 πενταπλασίας

529 3459 579 3508 3.
615 3470 757 3520 προς
790 3467 894 3521 per
930 3467 1109 3521 comp.
1140 3451 1209 3519 F3
1249 3468 1389 3508 corr.
1420 3452 1717 3520 'rm-essius,
1753 3455 1820 3508 ub
1852 3453 1952 3509 lin.
1985 3461 2069 3526 10,
2101 3463 2164 3511 11
2197 3458 2413 3528 (prius),

386 3531 470 3592 12,
502 3528 587 3591 18,
616 3528 704 3590 20,
734 3526 821 3578 26.
932 3529 979 3577 ὅ.
1010 3522 1110 3577 καὶ
1135 3523 1230 3597 τᾷ]
1262 3523 1484 3594 scripsi3
1523 3543 1622 3578 Ιιιαι
1649 3545 1686 3578 α
1714 3523 1774 3593 F,
1803 3524 1990 3597 uulgo,
2103 3534 2151 3584 6.
2181 3529 2252 3598 τᾷ
2281 3529 2412 3600 ΒΕ]
