2659 3967
429 162 567 226 208
944 164 1332 216 ΕΠΙΠΕΔΩΝ
1368 163 1827 216 ΙΣοΡΡοΠΙΩΝ
1868 166 1911 216 Β
1928 160 1961 218 ’.

433 308 656 391 τμᾶμα
721 303 928 386 αὐτοῖς
991 302 1066 373 τὸ
1134 306 1340 394 πέρας
1402 311 1559 394 ἔχον
1622 304 1698 373 τὸ
1764 312 1825 372 Τ
1874 306 2024 374 ποτὶ
2079 303 2155 371 τὸ
2211 303 2471 372 λοιπόν.

437 411 576 480 ἐπεὶ
634 403 760 480 οὐν
815 417 1086 499 μείζονα
1139 411 1352 497 λόγον
1399 417 1531 499 ἔχει
1577 410 1653 480 τὸ
1700 418 1909 479 ΑΒΓ
1945 418 2277 501 τρίγωνον
2323 413 2473 481 ποτὶ

435 517 516 584 τὰ
562 524 793 602 ΚΑΒ,
841 523 1046 586 ΛΒΓ
1082 524 1379 606 τρίγωνα
1434 513 1475 605 ἢ
1533 519 1687 586 ποτὶ
1732 515 1811 585 τὰ
1858 517 2197 605 τμάματα,
2260 523 2471 605 δῆλον

436 615 596 710 οὐν,
655 621 760 724 ὅτι
813 628 937 693 τοῦ
983 629 1189 692 ΑΒΓ
1225 623 1563 710 τμάματος
1608 622 1684 692 τὸ
1732 626 2014 711 κέντρον
2060 627 2184 692 τοῦ
2229 623 2470 712 βάρεος

361 752 398 798 5
436 729 799 820 ἐγγύτερόν
836 732 975 797 ἐστι
1011 735 1131 810 τοῖς
1165 739 1222 798 Β
1260 735 1566 819 κορυφᾶς
1603 727 1646 818 ἢ
1684 728 1760 798 τὸ
1798 734 1921 798 τοῦ
1962 731 2472 817 ἐγγραφομένου

438 835 948 925 εὐθυγράμμου.
1046 838 1159 905 καὶ
1233 837 1339 905 ἐπὶ
1414 836 1686 905 πάντων
1760 834 2265 924 εὐθυγράμμων
2339 841 2475 904 τῶν

438 944 962 1034 ἐγγραφομένων
1002 946 1066 1023 ἐς
1103 940 1182 1010 τὰ
1219 943 1526 1030 τμάματα
1563 947 1917 1031 γνωρίμως
1956 939 1991 1010 ὁ
2030 940 2233 1024 αὐτὸς
2258 942 2481 1029 λόγος.

1420 1137 1506 1210 ς’.

578 1262 931 1350 Τμάματος
977 1265 1302 1344 δοθέντος
1349 1264 1827 1353 περιεχομένου
1872 1261 2005 1333 ὑπὸ
2056 1261 2333 1342 εὐθείας
2370 1261 2483 1328 καὶ

334 1385 400 1434 10
439 1355 875 1456 ὀρθογωνίου
918 1371 1144 1439 κώνου
1189 1374 1397 1456 τομᾶς
1443 1369 1740 1438 δυνατόν
1790 1372 1970 1437 ἐστιν
2019 1373 2085 1448 ἐς
2128 1367 2206 1437 τὸ
2256 1373 2483 1455 τμᾶμα

439 1471 928 1565 εὐθύγραμμον
992 1483 1344 1565 γνωρίμως
1400 1478 1764 1566 ἐγγράψαι,
1831 1474 2000 1545 ὥστε
2054 1473 2180 1544 τάν
2237 1473 2482 1562 μεταξὺ

440 1579 719 1650 εὐθεῖαν
778 1587 914 1651 τῶν
973 1584 1270 1671 κέντρων
1330 1587 1457 1650 τοῦ
1511 1581 1754 1670 βάρεος
1806 1585 1931 1650 τοῦ
1987 1581 2327 1668 τμάματος
2374 1582 2485 1650 καὶ

440 1692 563 1756 τοῦ
618 1691 1065 1778 ἐγγραφέντος
1120 1687 1609 1778 εὐθυγράμμου
1654 1687 1990 1757 ἐλάσσονα
2036 1686 2221 1778 εἶμεν
2266 1689 2486 1768 πάσας

441 1798 560 1875 τᾶς
605 1801 1046 1885 προτεθείσας
1092 1792 1382 1875 εὐθείας.

336 1917 403 1968 15
575 1900 888 1969 δεδόσθω
943 1907 1168 1989 τμᾶμα
1222 1901 1298 1970 τὸ
1349 1909 1579 1990 ΑΒΓ,
1642 1895 1792 1972 οἷον
1832 1901 2141 1992 εἰρήται,
2207 1892 2291 1970 οὗ
2338 1902 2487 1970 κέν-

443 2034 608 2098 τρον
656 2012 822 2075 ἔστω
869 2012 992 2075 τοῦ
1029 2007 1272 2096 βάρεος
1308 2007 1384 2076 τὸ
1425 2017 1502 2096 Θ,
1549 2009 1662 2077 καὶ
1700 2009 2145 2098 ἐγγεγράφθω
2185 2011 2279 2089 εἰς
2317 2006 2484 2076 αὐτὸ

445 2120 779 2201 τρίγωνον
826 2120 1178 2203 γνωρίμως
1221 2114 1299 2183 τὸ
1339 2122 1557 2184 ΑΒΓ.
1630 2115 1742 2182 καὶ
1788 2120 1955 2183 ἔστω
2002 2113 2044 2182 ἁ
2081 2124 2489 2204 προτεθεῖσα

447 2217 685 2286 εὐθεῖα
730 2217 773 2285 ἃ
823 2228 899 2305 Ζ,
945 2221 1058 2287 καὶ
1104 2217 1187 2288 ὃν
1234 2220 1441 2307 λόγον
1488 2227 1621 2310 ἔχει
1668 2219 1712 2288 ἆ
1759 2228 1886 2288 ΒΘ
1928 2223 2082 2289 ποτὶ
2121 2229 2197 2307 Ζ,
2240 2226 2488 2289 τοῦτον

445 2322 566 2392 τὸν
612 2325 821 2413 λόγον
867 2327 1064 2414 ἐχέτω
1103 2328 1179 2396 τὸ
1209 2335 1421 2396 ΑΒΓ
1448 2333 1782 2417 τρίγωνον
1818 2326 1972 2396 ποτὶ
2008 2325 2084 2395 τὸ
2114 2333 2183 2394 Κ
2216 2334 2487 2415 χωρίον.

341 2447 411 2496 20
449 2433 894 2520 ἐγγεγράφθω
969 2430 1054 2520 δὴ
1127 2439 1224 2514 εἰς
1293 2432 1370 2502 τὸ
1438 2439 1645 2502 ΑΒΓ
1700 2437 1927 2521 τμᾶμα
1998 2430 2489 2520 εὐθύγραμμον

445 2543 801 2626 γνωρίμως
852 2536 928 2606 τὸ
977 2546 1121 2607 ΑΚ
1127 2547 1183 2607 Β
1198 2547 1349 2627 ΛΓ,
1407 2539 1576 2609 ὥστε
1628 2537 1711 2607 τὰ
1765 2539 2281 2627 περιλειπόμενα
2308 2538 2490 2625 τμά-

447 2669 622 2730 ματα
681 2644 1016 2714 ἐλάσσονα
1074 2644 1258 2733 εἶμεν
1315 2651 1439 2715 τοῦ
1495 2654 1580 2714 Κ.
1677 2646 1791 2713 καὶ
1846 2651 2013 2713 ἔστω
2069 2650 2193 2713 τοῦ
2254 2647 2491 2734 ἐγγρα-

448 2752 692 2839 φέντος
737 2750 1226 2842 εὐθυγράμμου
1269 2754 1551 2842 κέντρον
1596 2756 1721 2820 τοῦ
1768 2751 2012 2842 βάρεος
2046 2750 2122 2820 τὸ
2165 2759 2241 2820 Ε,
2314 2751 2490 2839 φαμὶ
2620 2753 2622 2782 ³

450 2855 535 2944 δὴ
582 2858 708 2926 τὰν
755 2866 886 2926 ΘΕ
927 2858 1262 2926 ἐλάσσονα
1308 2857 1493 2946 εἶμεν
1538 2863 1658 2938 τοῖς
1705 2865 1778 2928 Ζ.

343 2977 412 3027 25
584 2969 646 3031 εί
697 2963 828 3052 γὰρ
882 2964 1004 3051 μή,
1059 2963 1210 3051 ἤτοι
1267 2972 1381 3033 ἴσα
1428 2964 1612 3033 ἐστὶν
1656 2961 1697 3051 ἢ
1750 2971 2006 3052 μείζων.
2098 2965 2241 3034 ἐπεὶ
2288 2963 2364 3032 δὲ
2410 2962 2486 3031 τὸ

450 3078 515 3136 Α
523 3076 591 3136 Κ
600 3076 657 3137 Β
670 3077 732 3136 Λ
742 3076 806 3137 Γ
862 3068 1347 3159 εὐθύγραμμον
1388 3071 1563 3140 ποτὶ
1618 3070 1698 3138 τὰ
1756 3069 2274 3161 περιλειπόμενα
2328 3070 2491 3156 τμά-

451 3202 624 3264 ματα
677 3181 948 3262 μείζονα
1001 3176 1209 3264 λόγον
1265 3183 1431 3266 ἔχει,
1489 3173 1530 3265 ἢ
1587 3177 1663 3246 τὸ
1712 3185 1919 3247 ΑΒΓ
1956 3184 2289 3267 τρίγωνον
2335 3175 2492 3244 ποτὶ

593 3380 644 3427 2.
684 3392 824 3440 προς
857 3388 959 3441 per
993 3387 1173 3442 comp.
1204 3371 1272 3440 F3
1312 3391 1449 3430 corr.
1482 3374 1781 3444 TorelliuS,
1817 3375 1884 3428 ut
1917 3372 2015 3427 lin.
2049 3376 2136 3440 18,
2169 3377 2252 3439 19,
2282 3376 2369 3439 26,
2398 3375 2486 3424 27.

451 3449 501 3499 3.
539 3441 610 3498 τά
649 3443 768 3512 (alt.
773 3443 818 3515 )]
866 3460 1033 3512 supra
1081 3443 1353 3513 scriptum
1401 3461 1569 3500 manu
1610 3451 1638 3499 1
1678 3445 1739 3499 F.
1921 3449 1971 3499 5.
2010 3463 2109 3512 της
2146 3448 2190 3496 Β
2228 3460 2488 3512 κορυφης

452 3514 680 3585 (comp.)
717 3512 785 3582 F,
825 3530 962 3570 corr.
1002 3514 1298 3571 Tot-allius,
1461 3523 1511 3570 6.
1549 3515 1682 3587 καί]
1723 3530 1894 3585 supra.
1931 3513 2204 3584 scriptum
2238 3529 2413 3568 manu
2456 3517 2485 3565 1
