<?xml version="1.0" encoding="UTF-8"?>
<!DOCTYPE html PUBLIC "-//W3C//DTD XHTML 1.0 Transitional//EN"
    "http://www.w3.org/TR/xhtml1/DTD/xhtml1-transitional.dtd">
<html xmlns="http://www.w3.org/1999/xhtml" xml:lang="en" lang="en">
 <head>
  <title>
</title>
<meta http-equiv="Content-Type" content="text/html;charset=utf-8" />
  <meta name='ocr-system' content='tesseract 3.04.00' />
  <meta name='ocr-capabilities' content='ocr_page ocr_carea ocr_par ocr_line ocrx_word'/>
</head>
<body>
  <div class='ocr_page' id='page_1' title='image "archimedisopera00heibgoog_0107.png"; bbox 0 0 2659 3967; ppageno 0'>
   <div class='ocr_carea' id='block_1_1' title="bbox 811 199 2258 264">
    <p class='ocr_par' dir='ltr' id='par_1_1' title="bbox 811 199 2258 264">
     <span class='ocr_line' id='line_1_1' title="bbox 811 199 2258 264; baseline 0.007 -10"><span class='ocrx_word' id='word_1_1' title='bbox 811 200 909 255; x_wconf 87' lang='lat' dir='ltr'><strong>DE</strong></span> <span class='ocrx_word' id='word_1_2' title='bbox 948 201 1192 256; x_wconf 83' lang='lat' dir='ltr'>LINEIS</span> <span class='ocrx_word' id='word_1_3' title='bbox 1232 200 1677 257; x_wconf 82' lang='lat' dir='ltr'>SPIRALIBUS.</span> <span class='ocrx_word' id='word_1_4' title='bbox 2168 199 2258 264; x_wconf 85' lang='lat'><strong>95</strong></span> 
     </span>
    </p>
   </div>
   <div class='ocr_carea' id='block_1_2' title="bbox 198 346 2256 2345">
    <p class='ocr_par' dir='ltr' id='par_1_2' title="bbox 198 346 2256 2345">
     <span class='ocr_line' id='line_1_2' title="bbox 346 346 2254 432; baseline -0.001 -20"><span class='ocrx_word' id='word_1_5' title='bbox 346 348 447 412; x_wconf 78' lang='lat' dir='ltr'><strong>sit</strong></span> <span class='ocrx_word' id='word_1_6' title='bbox 492 347 783 432; x_wconf 80' lang='lat' dir='ltr'><strong>spii-alis,</strong></span> <span class='ocrx_word' id='word_1_7' title='bbox 826 349 897 411; x_wconf 93' lang='lat' dir='ltr'><strong>in</strong></span> <span class='ocrx_word' id='word_1_8' title='bbox 944 369 1072 432; x_wconf 88' lang='lat' dir='ltr'><strong>qua</strong></span> <span class='ocrx_word' id='word_1_9' title='bbox 1118 347 1207 412; x_wconf 81' lang='lat' dir='ltr'><strong>sit</strong></span> <span class='ocrx_word' id='word_1_10' title='bbox 1249 349 1614 431; x_wconf 89' lang='grc' dir='ltr'><em>ΑΒΓΔΕ,</em></span> <span class='ocrx_word' id='word_1_11' title='bbox 1663 347 1944 412; x_wconf 81' lang='lat' dir='ltr'><strong>secunda</strong></span> <span class='ocrx_word' id='word_1_12' title='bbox 1989 346 2254 412; x_wconf 88' lang='lat' dir='ltr'><strong>circum-</strong></span> 
     </span>
     <span class='ocr_line' id='line_1_3' title="bbox 202 453 2256 538; baseline 0 -20"><span class='ocrx_word' id='word_1_13' title='bbox 202 455 479 520; x_wconf 84' lang='lat' dir='ltr'><strong>actione</strong></span> <span class='ocrx_word' id='word_1_14' title='bbox 534 453 875 537; x_wconf 84' lang='lat' dir='ltr'><strong>descripta.</strong></span> <span class='ocrx_word' id='word_1_15' title='bbox 965 457 1033 517; x_wconf 84' lang='lat' dir='ltr'><strong>et</strong></span> <span class='ocrx_word' id='word_1_16' title='bbox 1086 456 1402 538; x_wconf 88' lang='lat' dir='ltr'><strong>punctum</strong></span> <span class='ocrx_word' id='word_1_17' title='bbox 1457 457 1515 518; x_wconf 85' lang='grc' dir='ltr'>Θ</span> <span class='ocrx_word' id='word_1_18' title='bbox 1560 453 1950 536; x_wconf 86' lang='lat' dir='ltr'><strong>principium</strong></span> <span class='ocrx_word' id='word_1_19' title='bbox 1997 454 2086 518; x_wconf 86' lang='lat' dir='ltr'><strong>sit</strong></span> <span class='ocrx_word' id='word_1_20' title='bbox 2129 453 2256 537; x_wconf 82' lang='lat' dir='ltr'><strong>spi-</strong></span> 
     </span>
     <span class='ocr_line' id='line_1_4' title="bbox 198 558 2256 645; baseline 0 -21"><span class='ocrx_word' id='word_1_21' title='bbox 198 561 395 645; x_wconf 69' lang='lat' dir='ltr'><strong>raha,</strong></span> <span class='ocrx_word' id='word_1_22' title='bbox 440 561 616 626; x_wconf 83' lang='lat' dir='ltr'><strong>linea</strong></span> <span class='ocrx_word' id='word_1_23' title='bbox 656 563 875 626; x_wconf 87' lang='lat' dir='ltr'><strong>autem</strong></span> <span class='ocrx_word' id='word_1_24' title='bbox 911 565 978 624; x_wconf 90' lang='lat' dir='ltr'><em>A</em></span> <span class='ocrx_word' id='word_1_25' title='bbox 986 563 1045 624; x_wconf 84' lang='grc' dir='ltr'>Θ</span> <span class='ocrx_word' id='word_1_26' title='bbox 1079 560 1470 644; x_wconf 88' lang='lat' dir='ltr'><strong>principium</strong></span> <span class='ocrx_word' id='word_1_27' title='bbox 1508 558 2046 643; x_wconf 74' lang='lat' dir='ltr'><strong>circumactionis,</strong></span> <span class='ocrx_word' id='word_1_28' title='bbox 2080 559 2256 624; x_wconf 82' lang='lat' dir='ltr'><strong>linea</strong></span> 
     </span>
     <span class='ocr_line' id='line_1_5' title="bbox 200 665 2254 752; baseline -0.001 -20"><span class='ocrx_word' id='word_1_29' title='bbox 200 670 441 732; x_wconf 85' lang='lat' dir='ltr'><strong>autem</strong></span> <span class='ocrx_word' id='word_1_30' title='bbox 486 671 621 732; x_wconf 89' lang='lat' dir='ltr'><strong>EA</strong></span> <span class='ocrx_word' id='word_1_31' title='bbox 668 665 951 732; x_wconf 82' lang='lat' dir='ltr'><strong>secunda</strong></span> <span class='ocrx_word' id='word_1_32' title='bbox 996 687 1247 750; x_wconf 81' lang='lat' dir='ltr'><strong>earum,</strong></span> <span class='ocrx_word' id='word_1_33' title='bbox 1293 687 1458 750; x_wconf 86' lang='lat' dir='ltr'><strong>quae</strong></span> <span class='ocrx_word' id='word_1_34' title='bbox 1503 667 1574 730; x_wconf 85' lang='lat' dir='ltr'><strong>in</strong></span> <span class='ocrx_word' id='word_1_35' title='bbox 1617 666 1938 752; x_wconf 85' lang='lat' dir='ltr'><strong>principio</strong></span> <span class='ocrx_word' id='word_1_36' title='bbox 1987 666 2254 734; x_wconf 85' lang='lat' dir='ltr'><strong>circum-</strong></span> 
     </span>
     <span class='ocr_line' id='line_1_6' title="bbox 199 771 2256 857; baseline -0.001 -19"><span class='ocrx_word' id='word_1_37' title='bbox 199 772 499 838; x_wconf 80' lang='lat' dir='ltr'><strong>actionis</strong></span> <span class='ocrx_word' id='word_1_38' title='bbox 536 776 706 838; x_wconf 85' lang='lat' dir='ltr'><strong>sunt.</strong></span> <span class='ocrx_word' id='word_1_39' title='bbox 780 776 849 840; x_wconf 91' lang='lat' dir='ltr'><strong>et</strong></span> <span class='ocrx_word' id='word_1_40' title='bbox 884 773 1155 838; x_wconf 85' lang='lat' dir='ltr'><strong>circulus</strong></span> <span class='ocrx_word' id='word_1_41' title='bbox 1185 778 1250 838; x_wconf 89' lang='lat' dir='ltr'><em>A</em></span> <span class='ocrx_word' id='word_1_42' title='bbox 1263 775 1410 836; x_wconf 92' lang='lat' dir='ltr'><strong>ZH</strong></span> <span class='ocrx_word' id='word_1_43' title='bbox 1439 771 1753 838; x_wconf 82' lang='lat' dir='ltr'><strong>secundus</strong></span> <span class='ocrx_word' id='word_1_44' title='bbox 1792 773 1898 856; x_wconf 73' lang='lat' dir='ltr'><strong>sit,</strong></span> <span class='ocrx_word' id='word_1_45' title='bbox 1935 774 2002 836; x_wconf 90' lang='lat' dir='ltr'><strong>et</strong></span> <span class='ocrx_word' id='word_1_46' title='bbox 2027 773 2256 857; x_wconf 83' lang='grc' dir='ltr'><strong><em>ΑΓΗ,</em></strong></span> 
     </span>
     <span class='ocr_line' id='line_1_7' title="bbox 200 879 2254 964; baseline 0.001 -20"><span class='ocrx_word' id='word_1_47' title='bbox 200 883 322 944; x_wconf 87' lang='grc' dir='ltr'><strong>ΖΙ</strong></span> <span class='ocrx_word' id='word_1_48' title='bbox 398 880 701 952; x_wconf 82' lang='lat' dir='ltr'><strong>diametri</strong></span> <span class='ocrx_word' id='word_1_49' title='bbox 774 880 913 946; x_wconf 82' lang='lat' dir='ltr'><strong>eius</strong></span> <span class='ocrx_word' id='word_1_50' title='bbox 979 880 1150 944; x_wconf 88' lang='lat' dir='ltr'><strong>inter</strong></span> <span class='ocrx_word' id='word_1_51' title='bbox 1218 901 1287 944; x_wconf 81' lang='lat' dir='ltr'><strong>se</strong></span> <span class='ocrx_word' id='word_1_52' title='bbox 1353 879 1938 964; x_wconf 77' lang='lat' dir='ltr'><strong>perpendiculares,</strong></span> <span class='ocrx_word' id='word_1_53' title='bbox 2027 900 2254 947; x_wconf 78' lang='lat' dir='ltr'><strong>rursus</strong></span> 
     </span>
     <span class='ocr_line' id='line_1_8' title="bbox 198 985 2252 1072; baseline 0 -23"><span class='ocrx_word' id='word_1_54' title='bbox 198 985 425 1071; x_wconf 85' lang='lat' dir='ltr'><strong>igitur</strong></span> <span class='ocrx_word' id='word_1_55' title='bbox 475 989 655 1052; x_wconf 89' lang='lat' dir='ltr'><strong>recto</strong></span> <span class='ocrx_word' id='word_1_56' title='bbox 715 987 957 1072; x_wconf 87' lang='lat' dir='ltr'><strong>angulo</strong></span> <span class='ocrx_word' id='word_1_57' title='bbox 1014 988 1081 1050; x_wconf 88' lang='lat' dir='ltr'><strong>et</strong></span> <span class='ocrx_word' id='word_1_58' title='bbox 1126 988 1375 1052; x_wconf 80' lang='lat' dir='ltr'><strong>sectore</strong></span> <span class='ocrx_word' id='word_1_59' title='bbox 1419 989 1672 1050; x_wconf 82' lang='lat' dir='ltr'><strong>rectum</strong></span> <span class='ocrx_word' id='word_1_60' title='bbox 1717 987 2032 1072; x_wconf 84' lang='lat' dir='ltr'><strong>angulum</strong></span> <span class='ocrx_word' id='word_1_61' title='bbox 2079 1006 2252 1050; x_wconf 87' lang='lat' dir='ltr'><strong>com-</strong></span> 
     </span>
     <span class='ocr_line' id='line_1_9' title="bbox 1304 1091 2255 1176; baseline 0.001 -20"><span class='ocrx_word' id='word_1_62' title='bbox 1304 1127 1307 1130; x_wconf 57' lang='lat'><em>&gt;</em></span> <span class='ocrx_word' id='word_1_63' title='bbox 1342 1091 1768 1176; x_wconf 88' lang='lat' dir='ltr'><strong>prehendenti</strong></span> <span class='ocrx_word' id='word_1_64' title='bbox 1865 1092 1936 1156; x_wconf 92' lang='lat' dir='ltr'><strong>in</strong></span> <span class='ocrx_word' id='word_1_65' title='bbox 2033 1094 2255 1175; x_wconf 81' lang='lat' dir='ltr'><strong>partes</strong></span> 
     </span>
     <span class='ocr_line' id='line_1_10' title="bbox 1344 1197 2254 1282; baseline -0.002 -18"><span class='ocrx_word' id='word_1_66' title='bbox 1344 1198 1648 1282; x_wconf 78' lang='lat' dir='ltr'><strong>aequales</strong></span> <span class='ocrx_word' id='word_1_67' title='bbox 1685 1197 1914 1282; x_wconf 83' lang='lat' dir='ltr'><strong>diuiso,</strong></span> <span class='ocrx_word' id='word_1_68' title='bbox 1952 1197 2124 1282; x_wconf 89' lang='lat' dir='ltr'><strong>quod</strong></span> <span class='ocrx_word' id='word_1_69' title='bbox 2155 1219 2254 1263; x_wconf 90' lang='lat' dir='ltr'><strong>re-</strong></span> 
     </span>
     <span class='ocr_line' id='line_1_11' title="bbox 1341 1303 2252 1390; baseline 0 -22"><span class='ocrx_word' id='word_1_70' title='bbox 1341 1305 1680 1390; x_wconf 75' lang='lat' dir='ltr'><strong>linquitur,</strong></span> <span class='ocrx_word' id='word_1_71' title='bbox 1709 1304 1924 1369; x_wconf 82' lang='lat' dir='ltr'><strong>minus</strong></span> <span class='ocrx_word' id='word_1_72' title='bbox 1956 1304 2081 1368; x_wconf 84' lang='lat' dir='ltr'><strong>erit</strong></span> <span class='ocrx_word' id='word_1_73' title='bbox 2098 1303 2252 1368; x_wconf 90' lang='lat' dir='ltr'><strong>dato</strong></span> 
     </span>
     <span class='ocr_line' id='line_1_12' title="bbox 1345 1408 2253 1494; baseline -0.002 -18"><span class='ocrx_word' id='word_1_74' title='bbox 1345 1411 1559 1494; x_wconf 87' lang='lat' dir='ltr'><strong>spatio</strong></span> <span class='ocrx_word' id='word_1_75' title='bbox 1607 1409 1817 1492; x_wconf 86' lang='lat' dir='ltr'><strong>[Eucl.</strong></span> <span class='ocrx_word' id='word_1_76' title='bbox 1859 1408 1949 1493; x_wconf 89' lang='lat' dir='ltr'><strong>X,</strong></span> <span class='ocrx_word' id='word_1_77' title='bbox 2009 1411 2095 1491; x_wconf 91' lang='lat'><strong>1].</strong></span> <span class='ocrx_word' id='word_1_78' title='bbox 2185 1413 2253 1474; x_wconf 72' lang='lat' dir='ltr'><strong>et</strong></span> 
     </span>
     <span class='ocr_line' id='line_1_13' title="bbox 1343 1517 2256 1582; baseline -0.002 0"><span class='ocrx_word' id='word_1_79' title='bbox 1343 1520 1526 1582; x_wconf 84' lang='lat' dir='ltr'><strong>ortus</strong></span> <span class='ocrx_word' id='word_1_80' title='bbox 1599 1517 1689 1582; x_wconf 83' lang='lat' dir='ltr'><strong>sit</strong></span> <span class='ocrx_word' id='word_1_81' title='bbox 1761 1520 1974 1582; x_wconf 82' lang='lat' dir='ltr'><strong>sector</strong></span> <span class='ocrx_word' id='word_1_82' title='bbox 2047 1519 2181 1581; x_wconf 83' lang='grc' dir='ltr'><strong>ΘΚ</strong></span> <span class='ocrx_word' id='word_1_83' title='bbox 2189 1521 2256 1580; x_wconf 90' lang='lat' dir='ltr'><em>A</em></span> 
     </span>
     <span class='ocr_line' id='line_1_14' title="bbox 1253 1614 2252 1706; baseline 0.001 -22"><span class='ocrx_word' id='word_1_84' title='bbox 1253 1614 1286 1684; x_wconf 49' lang='grc' dir='ltr'><strong><em>ἴ</em></strong></span> <span class='ocrx_word' id='word_1_85' title='bbox 1342 1623 1494 1687; x_wconf 89' lang='lat' dir='ltr'><strong>dato</strong></span> <span class='ocrx_word' id='word_1_86' title='bbox 1559 1623 1771 1706; x_wconf 81' lang='lat' dir='ltr'><strong>spatio</strong></span> <span class='ocrx_word' id='word_1_87' title='bbox 1827 1622 2056 1686; x_wconf 85' lang='lat' dir='ltr'><strong>minor.</strong></span> <span class='ocrx_word' id='word_1_88' title='bbox 2142 1643 2252 1686; x_wconf 90' lang='lat' dir='ltr'><strong>an-</strong></span> 
     </span>
     <span class='ocr_line' id='line_1_15' title="bbox 1344 1727 2252 1812; baseline -0.002 -20"><span class='ocrx_word' id='word_1_89' title='bbox 1344 1728 1516 1812; x_wconf 81' lang='lat' dir='ltr'><strong>gulis</strong></span> <span class='ocrx_word' id='word_1_90' title='bbox 1554 1728 1760 1812; x_wconf 83' lang='lat' dir='ltr'><strong>igitur</strong></span> <span class='ocrx_word' id='word_1_91' title='bbox 1803 1727 1998 1792; x_wconf 82' lang='lat' dir='ltr'><strong>rectis</strong></span> <span class='ocrx_word' id='word_1_92' title='bbox 2038 1729 2252 1810; x_wconf 89' lang='lat' dir='ltr'><strong>[quat-</strong></span> 
     </span>
     <span class='ocr_line' id='line_1_16' title="bbox 1339 1834 2251 1920; baseline -0.003 -21"><span class='ocrx_word' id='word_1_93' title='bbox 1339 1836 1517 1916; x_wconf 85' lang='lat' dir='ltr'><strong>tuor]</strong></span> <span class='ocrx_word' id='word_1_94' title='bbox 1578 1835 1646 1898; x_wconf 90' lang='lat' dir='ltr'><strong>in</strong></span> <span class='ocrx_word' id='word_1_95' title='bbox 1695 1834 1970 1920; x_wconf 79' lang='lat' dir='ltr'><strong>angulos</strong></span> <span class='ocrx_word' id='word_1_96' title='bbox 2017 1854 2251 1916; x_wconf 84' lang='lat' dir='ltr'><strong>aequa-</strong></span> 
     </span>
     <span class='ocr_line' id='line_1_17' title="bbox 1340 1939 2254 2026; baseline -0.001 -22"><span class='ocrx_word' id='word_1_97' title='bbox 1340 1940 1436 2004; x_wconf 77' lang='lat' dir='ltr'><strong>les</strong></span> <span class='ocrx_word' id='word_1_98' title='bbox 1467 1941 1708 2026; x_wconf 84' lang='lat' dir='ltr'><strong>angulo</strong></span> <span class='ocrx_word' id='word_1_99' title='bbox 1733 1939 1921 2004; x_wconf 81' lang='lat' dir='ltr'><strong>lineis</strong></span> <span class='ocrx_word' id='word_1_100' title='bbox 1942 1944 2010 2005; x_wconf 91' lang='lat' dir='ltr'><strong><em>K</em></strong></span> <span class='ocrx_word' id='word_1_101' title='bbox 2017 1943 2091 2022; x_wconf 75' lang='grc' dir='ltr'><strong>Θ,</strong></span> <span class='ocrx_word' id='word_1_102' title='bbox 2121 1943 2254 2004; x_wconf 85' lang='grc' dir='ltr'><strong>ΘΛ</strong></span> 
     </span>
     <span class='ocr_line' id='line_1_18' title="bbox 1343 2045 2254 2131; baseline -0.001 -20"><span class='ocrx_word' id='word_1_103' title='bbox 1343 2046 1809 2131; x_wconf 82' lang='lat' dir='ltr'><strong>comprehenso</strong></span> <span class='ocrx_word' id='word_1_104' title='bbox 1895 2045 2121 2110; x_wconf 80' lang='lat' dir='ltr'><strong>diuisis</strong></span> <span class='ocrx_word' id='word_1_105' title='bbox 2187 2048 2254 2110; x_wconf 90' lang='lat' dir='ltr'><strong>et</strong></span> 
     </span>
     <span class='ocr_line' id='line_1_19' title="bbox 1343 2151 2251 2236; baseline -0.002 -18"><span class='ocrx_word' id='word_1_106' title='bbox 1343 2153 1575 2218; x_wconf 83' lang='lat' dir='ltr'><strong>ceteris</strong></span> <span class='ocrx_word' id='word_1_107' title='bbox 1615 2153 1840 2219; x_wconf 91' lang='lat' dir='ltr'><strong>eodem</strong></span> <span class='ocrx_word' id='word_1_108' title='bbox 1874 2151 2086 2236; x_wconf 80' lang='lat' dir='ltr'><strong>modo,</strong></span> <span class='ocrx_word' id='word_1_109' title='bbox 2123 2173 2251 2235; x_wconf 90' lang='lat' dir='ltr'><strong>quo</strong></span> 
     </span>
     <span class='ocr_line' id='line_1_20' title="bbox 214 2259 2254 2345; baseline -0.002 -19"><span class='ocrx_word' id='word_1_110' title='bbox 214 2265 441 2345; x_wconf 87' lang='lat' dir='ltr'><strong>antea,</strong></span> <span class='ocrx_word' id='word_1_111' title='bbox 514 2260 905 2344; x_wconf 85' lang='lat' dir='ltr'><strong>comparatis</strong></span> <span class='ocrx_word' id='word_1_112' title='bbox 982 2259 1195 2344; x_wconf 84' lang='lat' dir='ltr'><strong>figura</strong></span> <span class='ocrx_word' id='word_1_113' title='bbox 1266 2259 1755 2344; x_wconf 82' lang='lat' dir='ltr'><strong>circumscripta</strong></span> <span class='ocrx_word' id='word_1_114' title='bbox 1826 2259 2092 2324; x_wconf 87' lang='lat' dir='ltr'><strong>excedet</strong></span> <span class='ocrx_word' id='word_1_115' title='bbox 2154 2259 2254 2322; x_wconf 88' lang='lat' dir='ltr'><strong>in-</strong></span> 
     </span>
    </p>
   </div>
   <div class='ocr_carea' id='block_1_3' title="bbox 204 1127 1301 2204">
    <p class='ocr_par' dir='ltr' id='par_1_3' title="bbox 204 1127 1301 2204">
     <span class='ocr_line' id='line_1_21' title="bbox 204 1127 1301 2204; baseline 0 0"><span class='ocrx_word' id='word_1_116' title='bbox 204 1127 1301 2204; x_wconf 95' lang='lat' dir='ltr'><strong> </strong></span> 
     </span>
    </p>
   </div>
   <div class='ocr_carea' id='block_1_4' title="bbox 215 2366 2360 2454">
    <p class='ocr_par' dir='ltr' id='par_1_4' title="bbox 215 2366 2360 2454">
     <span class='ocr_line' id='line_1_22' title="bbox 215 2366 2360 2454; baseline -0.002 -20"><span class='ocrx_word' id='word_1_117' title='bbox 215 2369 535 2454; x_wconf 80' lang='lat' dir='ltr'><strong>scriptam</strong></span> <span class='ocrx_word' id='word_1_118' title='bbox 586 2367 803 2452; x_wconf 83' lang='lat' dir='ltr'><strong>spatio</strong></span> <span class='ocrx_word' id='word_1_119' title='bbox 850 2366 1129 2449; x_wconf 84' lang='lat' dir='ltr'><strong>minore,</strong></span> <span class='ocrx_word' id='word_1_120' title='bbox 1184 2388 1379 2450; x_wconf 90' lang='lat' dir='ltr'><strong>quam</strong></span> <span class='ocrx_word' id='word_1_121' title='bbox 1427 2368 1530 2430; x_wconf 84' lang='lat' dir='ltr'><strong>est</strong></span> <span class='ocrx_word' id='word_1_122' title='bbox 1573 2369 1789 2431; x_wconf 85' lang='lat' dir='ltr'><strong>sector</strong></span> <span class='ocrx_word' id='word_1_123' title='bbox 1833 2370 2056 2431; x_wconf 81' lang='grc' dir='ltr'><em>ΘΚΑ.</em></span> <span class='ocrx_word' id='word_1_124' title='bbox 2148 2386 2253 2429; x_wconf 84' lang='lat' dir='ltr'><strong>ex-</strong></span> <span class='ocrx_word' id='word_1_125' title='bbox 2356 2374 2360 2376; x_wconf 75' lang='grc'>’</span> 
     </span>
    </p>
   </div>
   <div class='ocr_carea' id='block_1_5' title="bbox 216 2473 1865 2560">
    <p class='ocr_par' dir='ltr' id='par_1_5' title="bbox 216 2473 1865 2560">
     <span class='ocr_line' id='line_1_23' title="bbox 216 2473 1865 2560; baseline -0.002 -19"><span class='ocrx_word' id='word_1_126' title='bbox 216 2475 409 2541; x_wconf 91' lang='lat' dir='ltr'><strong>cedet</strong></span> <span class='ocrx_word' id='word_1_127' title='bbox 454 2475 626 2540; x_wconf 89' lang='lat' dir='ltr'><strong>enim</strong></span> <span class='ocrx_word' id='word_1_128' title='bbox 675 2474 909 2560; x_wconf 81' lang='lat' dir='ltr'><strong>spatiO‚</strong></span> <span class='ocrx_word' id='word_1_129' title='bbox 956 2473 1128 2558; x_wconf 90' lang='lat' dir='ltr'><strong>quod</strong></span> <span class='ocrx_word' id='word_1_130' title='bbox 1177 2476 1279 2538; x_wconf 81' lang='lat' dir='ltr'><strong>est</strong></span> <span class='ocrx_word' id='word_1_131' title='bbox 1323 2477 1533 2538; x_wconf 85' lang='grc' dir='ltr'><strong>ΘΚΑ</strong></span> <span class='ocrx_word' id='word_1_132' title='bbox 1559 2490 1634 2537; x_wconf 79' lang='grc' dir='ltr'><strong>-ῑ-</strong></span> <span class='ocrx_word' id='word_1_133' title='bbox 1661 2476 1865 2537; x_wconf 85' lang='grc' dir='ltr'><strong>ΘΕΡ.</strong></span> 
     </span>
    </p>
   </div>
   <div class='ocr_carea' id='block_1_6' title="bbox 936 2681 1538 2740">
    <p class='ocr_par' dir='ltr' id='par_1_6' title="bbox 936 2681 1538 2740">
     <span class='ocr_line' id='line_1_24' title="bbox 936 2681 1538 2740; baseline -0.003 0"><span class='ocrx_word' id='word_1_134' title='bbox 936 2681 1463 2740; x_wconf 85' lang='lat' dir='ltr'>COROLLARIUM</span> <span class='ocrx_word' id='word_1_135' title='bbox 1497 2683 1538 2738; x_wconf 91' lang='grc' dir='ltr'><strong>Ι.</strong></span> 
     </span>
    </p>
   </div>
   <div class='ocr_carea' id='block_1_7' title="bbox 218 2789 2260 3305">
    <p class='ocr_par' dir='ltr' id='par_1_7' title="bbox 218 2789 2260 3305">
     <span class='ocr_line' id='line_1_25' title="bbox 357 2789 2253 2879; baseline -0.002 -22"><span class='ocrx_word' id='word_1_136' title='bbox 357 2791 651 2876; x_wconf 85' lang='lat' dir='ltr'><strong>Adparet</strong></span> <span class='ocrx_word' id='word_1_137' title='bbox 694 2793 915 2879; x_wconf 80' lang='lat' dir='ltr'><strong>igitur,</strong></span> <span class='ocrx_word' id='word_1_138' title='bbox 958 2793 1103 2857; x_wconf 88' lang='lat' dir='ltr'><strong>fieri</strong></span> <span class='ocrx_word' id='word_1_139' title='bbox 1147 2813 1359 2877; x_wconf 83' lang='lat' dir='ltr'><strong>pos-se,</strong></span> <span class='ocrx_word' id='word_1_140' title='bbox 1406 2795 1482 2855; x_wconf 83' lang='lat' dir='ltr'><strong>ut</strong></span> <span class='ocrx_word' id='word_1_141' title='bbox 1516 2791 1730 2875; x_wconf 85' lang='lat' dir='ltr'><strong>figura</strong></span> <span class='ocrx_word' id='word_1_142' title='bbox 1767 2789 2253 2872; x_wconf 78' lang='lat' dir='ltr'><strong>circumscripta</strong></span> 
     </span>
     <span class='ocr_line' id='line_1_26' title="bbox 218 2897 2260 2984; baseline -0.002 -19"><span class='ocrx_word' id='word_1_143' title='bbox 218 2900 509 2984; x_wconf 80' lang='lat' dir='ltr'><strong>spatium</strong></span> <span class='ocrx_word' id='word_1_144' title='bbox 574 2904 906 2984; x_wconf 82' lang='lat' dir='ltr'><strong>sumptum</strong></span> <span class='ocrx_word' id='word_1_145' title='bbox 963 2898 1231 2964; x_wconf 83' lang='lat' dir='ltr'><strong>excedat</strong></span> <span class='ocrx_word' id='word_1_146' title='bbox 1285 2897 1501 2982; x_wconf 85' lang='lat' dir='ltr'><strong>spatio</strong></span> <span class='ocrx_word' id='word_1_147' title='bbox 1559 2897 1836 2978; x_wconf 87' lang='lat' dir='ltr'><strong>minore,</strong></span> <span class='ocrx_word' id='word_1_148' title='bbox 1901 2917 2096 2980; x_wconf 89' lang='lat' dir='ltr'><strong>quam</strong></span> <span class='ocrx_word' id='word_1_149' title='bbox 2154 2897 2260 2960; x_wconf 82' lang='lat' dir='ltr'><strong>est</strong></span> 
     </span>
     <span class='ocr_line' id='line_1_27' title="bbox 222 3003 2254 3092; baseline -0.002 -21"><span class='ocrx_word' id='word_1_150' title='bbox 222 3007 561 3092; x_wconf 70' lang='lat' dir='ltr'><strong>quodlibet</strong></span> <span class='ocrx_word' id='word_1_151' title='bbox 608 3006 893 3090; x_wconf 81' lang='lat' dir='ltr'><strong>spatium</strong></span> <span class='ocrx_word' id='word_1_152' title='bbox 940 3005 1181 3089; x_wconf 87' lang='lat' dir='ltr'><strong>datum,</strong></span> <span class='ocrx_word' id='word_1_153' title='bbox 1227 3007 1295 3068; x_wconf 92' lang='lat' dir='ltr'><strong>et</strong></span> <span class='ocrx_word' id='word_1_154' title='bbox 1339 3025 1562 3068; x_wconf 84' lang='lat' dir='ltr'><strong>rursus</strong></span> <span class='ocrx_word' id='word_1_155' title='bbox 1600 3005 1675 3066; x_wconf 92' lang='lat' dir='ltr'><strong>ut</strong></span> <span class='ocrx_word' id='word_1_156' title='bbox 1710 3003 1996 3088; x_wconf 81' lang='lat' dir='ltr'><strong>spatium</strong></span> <span class='ocrx_word' id='word_1_157' title='bbox 2034 3023 2254 3087; x_wconf 85' lang='lat' dir='ltr'><strong>sump-</strong></span> 
     </span>
     <span class='ocr_line' id='line_1_28' title="bbox 218 3109 2256 3198; baseline -0.003 -20"><span class='ocrx_word' id='word_1_158' title='bbox 218 3116 366 3178; x_wconf 89' lang='lat' dir='ltr'><strong>tum</strong></span> <span class='ocrx_word' id='word_1_159' title='bbox 409 3113 687 3198; x_wconf 84' lang='lat' dir='ltr'><strong>figuram</strong></span> <span class='ocrx_word' id='word_1_160' title='bbox 732 3113 1113 3197; x_wconf 73' lang='lat' dir='ltr'><strong>inscriptam</strong></span> <span class='ocrx_word' id='word_1_161' title='bbox 1160 3110 1432 3175; x_wconf 84' lang='lat' dir='ltr'><strong>excedat</strong></span> <span class='ocrx_word' id='word_1_162' title='bbox 1479 3109 1694 3193; x_wconf 85' lang='lat' dir='ltr'><strong>spatio</strong></span> <span class='ocrx_word' id='word_1_163' title='bbox 1741 3109 2010 3194; x_wconf 87' lang='lat' dir='ltr'><strong>minore,</strong></span> <span class='ocrx_word' id='word_1_164' title='bbox 2058 3131 2256 3194; x_wconf 89' lang='lat' dir='ltr'><strong>quam</strong></span> 
     </span>
     <span class='ocr_line' id='line_1_29' title="bbox 222 3216 1895 3305; baseline -0.002 -21"><span class='ocrx_word' id='word_1_165' title='bbox 222 3223 325 3285; x_wconf 77' lang='lat' dir='ltr'><strong>est</strong></span> <span class='ocrx_word' id='word_1_166' title='bbox 371 3219 709 3305; x_wconf 89' lang='lat' dir='ltr'><strong>quodlibet</strong></span> <span class='ocrx_word' id='word_1_167' title='bbox 753 3219 976 3284; x_wconf 83' lang='lat' dir='ltr'><strong>datum</strong></span> <span class='ocrx_word' id='word_1_168' title='bbox 1023 3217 1307 3301; x_wconf 84' lang='lat' dir='ltr'><strong>spatium</strong></span> <span class='ocrx_word' id='word_1_169' title='bbox 1357 3219 1446 3301; x_wconf 91' lang='lat' dir='ltr'><strong>[p.</strong></span> <span class='ocrx_word' id='word_1_170' title='bbox 1493 3216 1580 3281; x_wconf 86' lang='lat'><strong>93</strong></span> <span class='ocrx_word' id='word_1_171' title='bbox 1625 3219 1760 3281; x_wconf 90' lang='lat' dir='ltr'><strong>not.</strong></span> <span class='ocrx_word' id='word_1_172' title='bbox 1811 3216 1895 3297; x_wconf 92' lang='lat'><strong>1].</strong></span> 
     </span>
    </p>
   </div>
  </div>
 </body>
</html>
