2659 3967
360 175 535 256 ⁸166
591 192 979 245 ΕΠΙΠΕΔῼΝ
1014 193 1244 246 ῙΣοΡΡ.
1280 193 1338 244 Η
1372 193 1658 244 KENTPA
1693 194 1936 246 ΒΑΡΩΝ
1971 195 2178 247 Emn.
2218 189 2302 248 Αἱ

402 341 557 401 ΒΔ.
622 338 803 401 ἔστιν
851 332 936 421 δὴ
974 337 1098 401 τοῦ
1130 339 1400 402 ΑΒΓΔ
1434 333 2138 422 παραλληλογράμμου
2173 333 2249 402 τὸ
2287 337 2442 404 κε’ν-

399 466 566 528 τρον
620 446 743 509 τοῦ
799 440 1042 529 βάρεος
1097 441 1203 509 ἐπὶ
1246 445 1371 521 τοῖς
1418 448 1570 509 ΕΖ·
1653 444 1982 509 ὃεὸείκται
2037 439 2166 528 γὰρ
2212 446 2439 511 τοῦτο.

405 545 518 613 διὰ
580 544 791 614 ταύτὰ
856 548 933 616 δὲ
990 549 1103 615 καὶ
1158 547 1265 616 ἐπὶ
1318 549 1440 627 τᾶς
1483 553 1554 614 Κ
1561 553 1641 615 Λ.
1729 544 1806 615 τὸ
1855 553 1912 614 Θ
1966 546 2100 636 ἄρα
2155 561 2438 634 σαμετον

894 703 939 752 A
1415 701 1466 752 E
1940 705 1983 754 B

896 773 1926 1220 '{m
1449 781 1933 1223 ΘΙ
1938 971 1986 1020 Δ

899 1215 1073 1277 Γ*-
1408 1229 1450 1278 Ζ
1918 1231 1969 1280 Δ

399 1347 679 1435 κέντρον
727 1352 849 1416 τοῦ
895 1348 1155 1438 βάρεος.
1245 1346 1412 1416 κατὰ
1460 1348 1535 1417 δὲ
1579 1348 1655 1418 τὸ
1705 1356 1762 1416 Θ
1807 1351 1882 1415 αἱ
1924 1349 2265 1436 διαμέτροι
2310 1352 2438 1416 τοῦ

328 1464 361 1514 5
398 1454 1097 1544 παραλληλογράμμου
1140 1461 1467 1525 πίπτοντι.
1558 1456 1726 1526 ὥστε
1773 1461 2100 1526 δεδείκται
2143 1454 2220 1523 τὸ
2269 1479 2438 1545 προ-

399 1563 617 1630 τεθέν.

1254 1743 1565 1797 ΑΛΛΩΣ.

532 1849 714 1914 ἔστιν
762 1846 838 1914 δὲ
882 1846 994 1914 καὶ
1040 1845 1261 1929 ἄλλως
1304 1848 1381 1916 τὸ
1431 1847 1596 1918 αὐτὸ
1646 1849 1874 1929 δείξαι.

533 1955 699 2019 ἔστω
746 1952 1446 2041 παραλληλόγραμμον
1490 1952 1566 2022 τὸ
1616 1959 1913 2038 ΑΒΓΔ,
1960 1951 2312 2040 διάμετρος
2358 1951 2438 2020 δὲ

296 2067 362 2117 10
400 2054 611 2124 αὐτοῦ
677 2062 843 2125 ἔστω
910 2055 952 2124 ἆ
1011 2066 1163 2127 ΔΒ.
1253 2057 1335 2126 τὰ
1395 2057 1529 2149 ἄρα
1583 2067 1824 2145 ΑΒΔ,
1880 2065 2094 2128 ΒΔΓ
2137 2065 2436 2146 τρίγωνα

401 2171 515 2230 ἴσα
562 2163 698 2231 ἐντὶ
744 2165 856 2232 καὶ
894 2161 1098 2252 ὁμοῖα
1133 2162 1470 2253 ἄλλάλοις,
1518 2165 1685 2235 ὥστε
1724 2168 2284 2254 ἑφαρμοζομένων
2323 2163 2428 2235 ἐπ’

398 2267 655 2336 ἅλλαλα
707 2275 846 2339 τῶν
890 2271 1241 2360 τρυγόνων
1286 2273 1399 2339 καὶ
1443 2271 1525 2340 τὰ
1569 2274 1810 2360 κέντρα
1854 2277 1978 2341 τοῦ
2023 2271 2269 2361 βάρεος
2314 2270 2434 2340 αὖ·

393 2379 536 2443 τ’ᾰῐν
592 2373 691 2444 ἐπ’
745 2375 1002 2446 ἄλλαλα
1046 2378 1428 2449 πεσούνται.
1521 2384 1687 2447 ἔστω
1736 2379 1822 2466 δὴ
1868 2384 1992 2449 τοῦ
2039 2387 2252 2448 ΑΒΔ
2296 2406 2434 2468 τρι-

398 2481 629 2569 γώνου
654 2484 937 2572 κέντρον
963 2489 1086 2553 τοῦ
1114 2478 1358 2573 βάρεος
1383 2483 1460 2554 τὸ
1490 2493 1554 2553 Ε
1577 2498 1877 2573 σαμετον,
1915 2485 2026 2554 καὶ
2055 2486 2431 2574 ἐπεζεύχθω

294 2599 362 2649 15
400 2585 442 2656 ἁ
500 2597 627 2663 ΕΘ
678 2592 792 2658 καὶ
848 2590 1309 2678 ἐκβεβλήσθω,
1366 2591 1480 2659 καὶ
1533 2589 1990 2678 ἀπολελείφθω
2047 2587 2090 2657 ἆ
2140 2598 2262 2658 ΖΘ
2317 2600 2431 2660 ἴσα

396 2699 480 2785 τᾷ
526 2704 670 2766 ΘΕ.
762 2698 1308 2786 ἐφαρμοζομένου
1364 2695 1448 2784 δὴ
1504 2701 1627 2765 τοῦ
1672 2704 1883 2765 ΑΒΔ
1934 2696 2270 2785 τριγώνου
2324 2698 2433 2765 ἐπὶ

397 2803 473 2873 τὸ
523 2812 661 2873 ΒΔ
670 2811 734 2874 Γ
778 2811 1116 2892 τρίγωνον
1170 2803 1280 2870 καὶ
1326 2805 1684 2890 τιθεμένας
1727 2807 1845 2883 τοῖς
1890 2802 2014 2889 μὲν
2060 2812 2125 2871 Α
2135 2811 2193 2871 Β
2238 2811 2433 2871 πλευ-

399 2913 522 2997 ρᾶς
568 2911 673 2978 ἐπὶ
716 2907 843 2978 τάν
890 2915 1044 2994 ΔΓ,
1103 2913 1223 2989 τᾶς
1267 2908 1345 2978 δὲ
1390 2916 1534 2976 ΛΔ
1579 2909 1685 2976 ἐπὶ
1730 2907 1855 2977 τὰν
1900 2915 2035 2977 ΒΓ
2073 2909 2432 2998 ἐφαρμόξει

398 3015 510 3081 καὶ
557 3012 599 3081 ἆ
648 3022 780 3083 ΘΕ
821 3014 1060 3084 εὐθεῖα
1106 3015 1213 3084 ἐπὶ
1256 3013 1383 3083 τάν
1430 3021 1574 3101 ΖΘ,
1619 3015 1732 3082 καὶ
1777 3014 1852 3083 τὸ
1893 3022 1957 3082 Ε
1997 3029 2279 3101 σαμεϊον
2325 3016 2431 3084 ἐπὶ

293 3131 363 3181 20
399 3118 475 3186 τὸ
526 3125 581 3186 Ζ
634 3126 951 3188 πεσείται·
1044 3118 1212 3188 ἀλλὰ
1259 3121 1373 3188 καὶ
1421 3120 1526 3188 ἐπὶ
1572 3119 1646 3188 τὸ
1694 3121 1977 3208 κέντρον
2021 3127 2146 3190 τοῦ
2191 3121 2434 3211 βάρεος

400 3266 550 3274 ...—

548 3339 596 3387 7.
634 3327 838 3404 ἄλλως]
876 3349 985 3388 om.
1024 3333 1087 3399 F,
1125 3334 1312 3404 uulgo.
1482 3341 1564 3389 10.
1605 3334 1736 3406 ΔΒ]
1777 3339 1877 3388 ΑΒ
1916 3331 1976 3388 F.
2143 3340 2226 3388 11.
2266 3338 2432 3404 αλλη-

400 3408 519 3466 λοις
552 3402 622 3471 F3
674 3421 809 3461 corr.
847 3403 1156 3473 Torellius,
1202 3408 1266 3460 ut
1299 3404 1398 3461 lin.
1443 3411 1527 3474 12,
1569 3411 1652 3462 13.
1870 3407 2333 3475 εφαρμοζομενον
2369 3405 2432 3460 F.

399 3475 541 3529 Post
594 3482 829 3546 σαμεῖον
882 3476 982 3532 lin.
1024 3481 1091 3529 14
1138 3476 1354 3531 addunf,
1399 3475 1486 3531 ed.
1523 3475 1694 3531 Basil.
1745 3477 1806 3530 et
1841 3475 2147 3530 Torellius:
2202 3476 2301 3530 καὶ
2347 3493 2434 3529 τε·

398 3540 637 3617 τμήσθω
679 3541 1020 3618 (τετμοὲσθω)
1067 3548 1199 3617 δίχα
1235 3542 1273 3602 ἆ
1314 3552 1422 3602 ΔΒ
1460 3541 1608 3602 κατὰ
1645 3542 1708 3600 τὸ
1751 3548 1815 3603 Θ.
1968 3551 2051 3602 15.
2088 3548 2434 3616 απειληφθω
