2659 3967
427 215 559 281 285
1232 209 1649 264 ΨΑΜΜῙΤΗΣ.

422 357 550 426 τὰν
588 356 950 443 διάμετρον
988 352 1235 443 ἐχούσᾳ
1270 355 1566 420 σταδίων
1602 351 1957 439 μυριάδων
1992 356 2245 440 μυριᾶν
2273 358 2469 422 ἔλασ-

320 469 404 534 10
424 463 550 534 σόν
607 466 788 532 ἐστιν
840 455 884 548 ἢ
942 460 992 527 ι’
1050 460 1368 548 μυριάδες
1419 462 1558 527 τῶν
1605 459 1814 526 ὅντων
1861 455 2195 546 ἀριθμῶν.
2287 457 2333 526 ἆ
2387 460 2468 528 δὲ

420 569 549 639 τὰν
604 568 964 655 διάμετρον
1017 571 1261 654 ἔχουσα
1315 577 1570 651 σφαῖρα
1623 568 1922 633 σταδίων
1975 565 2289 653 μυριάκις
2333 593 2466 653 μυ-

422 676 681 767 ριάδων
728 673 796 764 ρ’
852 677 1316 741 πολλαπλασία
1363 671 1500 739 ἐστὶ
1534 674 1654 750 τάς
1688 677 1981 758 σφαίρας
2015 669 2134 752 τᾶς
2157 673 2466 760 ἐχούσας

350 799 383 848 5
419 781 545 851 τὰν
593 780 955 868 διάμετρον
1001 782 1294 848 σταδίων
1341 775 1690 865 μυριάδων
1735 781 1987 865 μυριᾶν
2032 791 2177 858 ταῖς
2221 778 2290 866 ρ’
2329 807 2462 866 μυ-

420 887 788 977 ριάδεσσιν.
888 889 951 954 εί
1012 877 1141 953 οὖν
1203 885 1465 970 γένοιτο
1531 886 1602 951 ἐκ
1661 888 1787 952 τοῦ
1849 884 2130 971 ψάμμου
2193 899 2462 973 σφαῖρα

416 994 782 1063 ταλικαύτα
826 991 901 1060 τὸ
940 993 1247 1080 μέγεθος,
1291 988 1490 1058 ἆλίκα
1527 990 1709 1058 ἐστὶν
1743 987 1789 1057 ά
1829 1005 2086 1078 σφαῖρα
2123 988 2168 1058 ἃ
2204 997 2462 1079 ἔχουσα

418 1099 543 1168 τὰν
600 1099 961 1188 διάμετρον
1007 1102 1300 1166 σταδίων
1345 1096 1657 1185 μυριάκις
1700 1098 2051 1186 μυριάδων
2098 1097 2190 1187 ρ’,
2245 1125 2460 1186 φανε-

419 1205 568 1294 ρόν,
616 1204 721 1274 ὅτι
764 1205 841 1275 τὸ
886 1210 1013 1275 τοῦ
1057 1204 1338 1292 ψάμμου
1381 1207 1643 1290 πλῆθος
1679 1209 1964 1273 ἔλασσον
2002 1207 2288 1275 ἐσσείται
2324 1211 2459 1275 τοῦ

312 1328 381 1377 1ο
416 1314 789 1400 γενομένου
833 1311 1137 1402 ἀριθμοῦ
1173 1315 1925 1380 πολλαπλασιασθεισᾶν
1960 1315 2088 1379 τᾶν
2127 1311 2178 1379 ι’
2218 1313 2459 1403 μυριά-

417 1423 559 1488 δων
613 1424 749 1489 τῶν
808 1421 1014 1489 ἕκτων
1067 1415 1386 1508 ἀριθμῶν
1439 1430 1585 1498 ταῖς
1637 1418 1704 1505 ρ’
1761 1418 2222 1508 μυριάδεσσιν.
2306 1421 2456 1488 ἐπεὶ

416 1523 482 1595 δ’
542 1529 619 1594 αι’
668 1525 791 1613 μὲν
844 1530 983 1595 τῶν
1044 1527 1253 1593 ἕκτων
1307 1525 1622 1612 ἀριθμῶν
1679 1526 1841 1594 δέκα
1892 1524 2216 1613 μυριάδες
2263 1527 2458 1606 ἕκτος

410 1632 525 1700 καὶ
578 1631 1028 1721 τετρωκοστός
1071 1632 1252 1698 ἐστιν
1298 1628 1429 1698 άπὸ
1476 1628 1775 1718 μονάδος
1819 1628 2196 1717 ἀνάλογον,
2251 1635 2329 1698 αι’
2371 1632 2457 1701 δὲ

413 1738 481 1826 ρ’
530 1739 853 1828 μυριάδες
898 1739 1185 1825 ἕβδομος
1227 1734 1360 1804 άπὸ
1405 1736 1704 1824 μονάδος
1747 1737 1820 1804 ἐκ
1863 1740 1984 1817 τᾶς
2027 1736 2238 1818 αὐτᾶς
2281 1735 2452 1808 ἄνα-

307 1860 373 1910 15
413 1851 664 1933 λογίας,
712 1849 946 1932 δῆλον,
994 1841 1097 1912 ὅτι
1144 1841 1182 1912 ὁ
1228 1841 1592 1930 γενόμενος
1636 1845 1923 1911 ἐσσείται
1970 1847 2454 1913 δυοκαιπεντα-

407 1950 651 2032 κοστὸς
694 1949 827 2020 άπὸ
876 1950 1174 2039 μονάδος
1219 1952 1289 2019 ἐκ
1332 1953 1452 2030 τᾶς
1497 1946 1704 2030 αὐτοῖς
1748 1951 2129 2037 ἀναλογίας.
2192 1956 2330 2021 τῶν
2370 1953 2452 2022 δὲ

411 2057 540 2127 δύο
594 2057 706 2124 καὶ
760 2056 1175 2144 πεντήκοντα
1227 2053 1489 2124 τούτων
1543 2058 1616 2123 οἱ
1664 2055 1788 2142 μὲν
1833 2054 2007 2128 ὀκτώ
2053 2057 2166 2124 καὶ
2212 2077 2450 2126 τεσσα-

409 2162 705 2251 ράκοντα
742 2162 873 2231 σὺν
917 2168 999 2252 τᾷ
1046 2162 1292 2250 μονάδι
1339 2165 1412 2231 οῗ
1448 2187 1520 2230 τε
1563 2162 1818 2252 κρότοι
1857 2165 2264 2251 καλουμένοι
2305 2165 2449 2233 ἐντὶ

404 2268 519 2336 καὶ
577 2271 647 2336 οἱ
698 2271 1003 2358 δευτέροι
1054 2268 1167 2336 καὶ
1220 2274 1434 2357 τρίτοι
1487 2269 1600 2336 καὶ
1652 2268 1955 2359 τετάρτοι
1999 2271 2112 2338 καὶ
2157 2272 2448 2358 πέμπτοι

301 2391 372 2441 20
406 2375 521 2443 καὶ
570 2377 770 2461 ἕκτοι,
816 2378 890 2443 οἱ
931 2375 1008 2444 δὲ
1051 2374 1273 2443 λοιποὶ
1318 2376 1634 2464 τέσσαρες
1675 2379 1812 2444 τῶν
1858 2375 2169 2464 ἑβδόμων
2205 2383 2448 2446 καλου-

405 2482 630 2569 μένων
679 2484 839 2567 ἐντί,
884 2480 997 2548 καὶ
1045 2477 1082 2549 ὁ
1130 2485 1404 2568 ἔσχατος
1448 2477 1675 2550 αὐτῶν
1722 2483 1859 2549 ἐστι
1903 2488 2111 2569 χιλίαι
2149 2482 2447 2570 μονάδες

400 2591 541 2657 τῶν
579 2587 889 2675 ἑβδόμων
926 2585 1261 2675 ἀριθμῶν.
1325 2585 1628 2675 φανερὸν
1666 2579 1815 2674 οὖν,
1859 2585 1964 2657 ὅτι
1999 2593 2123 2657 τοῦ
2159 2588 2446 2676 ψάμμου

399 2693 479 2763 τὸ
539 2698 803 2783 πλῆθος
858 2697 984 2763 τοῦ
1035 2694 1323 2781 μέγεθος
1377 2698 1646 2780 ἔχοντος
1701 2701 1855 2763 ἴσον
1905 2699 1990 2785 τᾷ
2045 2702 2306 2786 σφαίρᾳ
2356 2700 2443 2786 τᾷ

397 2800 527 2870 τὰν
572 2800 935 2892 διάμετρον
982 2800 1230 2891 ἐχούσα
1273 2803 1568 2868 σταδίων
1614 2800 1926 2890 μυριάκις
1971 2801 2328 2892 μυριάδων
2375 2805 2445 2890 ρ’

291 2921 360 2972 25
399 2907 690 2978 ἔλασσόν
745 2911 927 2977 ἐστιν
980 2901 1024 2995 ἢ
1082 2921 1145 2999 ,α
1200 2905 1492 2994 μονάδες
1548 2909 1687 2974 τῶν
1740 2906 2051 2995 ἑβδόμων
2096 2905 2440 2998 ἀριθμῶν.

296 3017 374 3083 11
398 3014 540 3083 ἐπεὶ
605 3005 734 3082 οὖν
799 3016 1071 3102 ἐδείχθη
1127 3010 1172 3080 ἆ
1228 3016 1354 3080 τοῦ
1407 3010 1668 3099 κόσμου
1723 3011 2077 3103 διάμετρος
2132 3013 2442 3083 ἐλάσσων

544 3215 591 3265 1.
630 3203 924 3296 μυριάδων
960 3207 1168 3278 μυριᾶν
1228 3204 1456 3278 seripsi3
1493 3227 1758 3279 μυριακις
1793 3209 2088 3279 μυριαδων
2123 3227 2341 3280 μυριων
2368 3211 2436 3280 F,

396 3279 597 3351 uulgo3
634 3274 899 3363 μυριάκις
933 3280 1148 3350 μυρίων
1258 3279 1408 3349 allis,
1443 3277 1737 3334 Toranius.
1877 3283 2047 3334 ελασσ
2082 3296 2212 3334 cnm
2249 3294 2439 3372 comp.

396 3371 477 3405 ων
514 3351 584 3420 F3
622 3366 761 3406 corr.
798 3349 1073 3406 Riualtus.
1219 3356 1270 3405 3.
1309 3365 1550 3419 εχουσας
1584 3348 1654 3419 F;
1695 3365 1838 3406 corr.
1877 3349 1994 3406 BC.
2139 3356 2190 3406 5.
2228 3370 2406 3422 μυρια

396 3423 513 3476 δων
550 3422 816 3510 μυριᾶν]
828 3420 1055 3492 scripai3
1058 3422 1380 3546 ίμυριάδας
1411 3423 1616 3492 (comp.
1645 3423 1736 3490 ας)
1773 3440 1978 3492 μυριας
2015 3423 2219 3492 (comp.
2250 3425 2340 3492 ας)
2366 3422 2434 3492 F,

394 3493 595 3564 uulgo3
643 3489 909 3564 μυριάκις
946 3513 1055 3563 μωρ
1058 3495 1159 3547 ίων
1204 3490 1438 3561 wallis,
1492 3491 1792 3548 Torellius.
1972 3512 2051 3564 μυ
2086 3496 2310 3548 ιαδεσιν
2358 3466 2434 3563 ΡΞ

394 3580 533 3620 corr.
580 3535 647 3620 Β.
758 3569 842 3620 10.
882 3567 1231 3619 nouaculam
1266 3579 1396 3617 oum
1432 3577 1615 3632 comp.
1654 3581 1736 3618 ων
1770 3561 1839 3630 F3
1877 3578 2017 3619 corr.
2229 3584 2436 3636 μυρια-
