2659 3967
392 193 479 259 96
1148 199 1323 250 ΠΕΡΙ
1357 196 1658 252 ΕΜΚῼΝ.

1146 356 1534 410 ΠΟΡῙΣΜΑ
1569 351 1658 408 Β’.

528 460 641 527 διὰ
692 459 768 528 δὲ
810 465 934 530 τοῦ
983 459 1193 529 αὐτοῦ
1238 462 1495 566 τρόπου
1539 460 1863 551 φανερόν,
1911 460 2086 529 διότι
2124 459 2424 529 δυνατὸν

393 563 691 653 λαβόντα
770 566 849 635 τὸ
923 573 1173 656 χωρίον
1252 567 1331 636 τὸ
1407 568 1882 657 περιεχόμενον
1953 564 2089 635 ὑπό
2162 591 2233 634 τε
2303 570 2424 646 τᾶς

394 672 614 754 ἕλικος
674 679 795 755 τᾶς
826 669 935 742 ἐν
999 672 1330 765 ὁποιᾳοῦν
1394 679 1731 764 περιφορᾷ
1791 673 2252 778 γεγραμμένας
2309 671 2422 739 καὶ

319 801 357 851 5
394 785 515 861 τᾶς
567 779 841 861 εὐθείας
884 786 1003 862 τᾶς
1049 785 1123 850 ἐν
1166 786 1249 871 τᾷ
1296 780 1469 872 άρχᾷ
1514 782 1633 862 τᾶς
1677 785 2048 871 περιφορᾶς
2089 771 2260 848 κατὰ
2299 779 2423 848 τὸν

396 886 608 956 αὐτὸν
681 885 984 974 άριθμὸν
1058 888 1422 976 λεγομένας
1481 888 1886 977 περιγράψαι
1951 893 2200 976 σχῆμα,
2275 879 2425 955 οἷον

396 992 674 1081 είρήται,
732 996 1078 1081 ἐπίπεδον,
1136 993 1304 1063 ὥστε
1357 987 1433 1062 τὸ
1481 995 1892 1084 περιγραφὲν
1938 999 2158 1083 σχῆμα
2203 999 2425 1080 μεῖζον

398 1098 603 1187 εἶμεν·
653 1104 776 1168 τοῦ
846 1101 1228 1188 λαφθέντος
1298 1108 1552 1191 χωρίου
1616 1101 1929 1170 ἐλάσσονι
1993 1098 2243 1181 παντὸς
2301 1103 2426 1167 τοῦ

398 1204 848 1296 προτεθέντος
910 1214 1193 1298 χωρίου,
1254 1208 1370 1274 καὶ
1433 1208 1635 1276 πάλιν
1701 1208 2059 1297 ἐγγράψαι,
2124 1205 2291 1275 ὥστε
2348 1202 2426 1273 τὸ

297 1336 363 1385 10
399 1313 668 1401 λαφθὲν
723 1320 974 1402 χωρίον
1020 1321 1244 1402 μεῖζον
1291 1313 1476 1402 εἶμεν
1519 1318 1644 1382 τοῦ
1689 1315 2135 1405 ἐγγραφέντος
2180 1312 2428 1400 σχήμα-

400 1445 513 1502 τος
560 1421 873 1490 ἐλάσσονι
918 1419 1169 1500 παντὸς
1211 1426 1336 1489 τοῦ
1381 1419 1829 1510 προτεθέντος
1875 1425 2143 1508 χωρίου.

1353 1625 1436 1685 κγ
1465 1651 1480 1666 .

539 1722 856 1810 Λαβόντα
909 1721 987 1790 τὸ
1042 1728 1295 1811 χωρίον
1353 1719 1428 1791 τὸ
1489 1720 1965 1810 περιεχόμενον
2018 1718 2152 1789 ὑπό
2199 1745 2269 1788 τε
2313 1723 2433 1799 τᾶς

405 1831 642 1914 ἕλικος,
682 1827 733 1895 ἅ
777 1831 961 1898 ἐστιν
1007 1828 1311 1898 ἐλάσσων
1355 1833 1475 1909 τᾶς
1512 1831 1586 1896 ἐν
1624 1831 1744 1918 μιᾷ
1781 1831 2116 1917 περιφορᾷ
2151 1853 2434 1915 γεγραμ-

300 1955 367 2004 15
405 1935 638 2024 μένας,
687 1932 813 2003 οὐκ
859 1935 1141 2023 ἐχούσας
1184 1934 1391 2024 πέρας
1434 1933 1560 2002 τὰν
1607 1932 1822 2024 ἀρχὰν
1867 1938 1986 2014 τᾶς
2030 1934 2277 2020 ἕλικος,
2319 1933 2434 2001 καὶ

404 2048 531 2111 τᾶν
588 2040 892 2109 εὐθειᾶν·
921 2046 1051 2109 τᾶν
1104 2039 1237 2110 άπὸ
1292 2047 1431 2111 τῶν
1485 2042 1791 2131 περάτων
1846 2045 1963 2123 τᾶς
2017 2043 2233 2121 ἕλικος
2275 2038 2436 2126 άγο-

406 2150 631 2236 μέναν
674 2145 971 2215 δυνατόν
1028 2149 1164 2214 ἐστι
1216 2148 1369 2236 περὶ
1424 2144 1501 2215 τὸ
1556 2153 1808 2237 χωρίον
1855 2151 2072 2235 σχῆμα
2121 2149 2436 2214 ἐπίπεδον

406 2252 815 2342 περιγράψαι
870 2256 936 2334 ἐξ
992 2250 1247 2339 ὁμοίων
1301 2252 1564 2341 τομέων
1621 2259 2057 2341 συγκείμενον
2109 2253 2222 2321 καὶ
2268 2251 2435 2320 ἄλλο

409 2358 757 2447 ἐγγράψαι,
804 2356 975 2426 ὥστε
1010 2356 1085 2426 τὸ
1124 2357 1537 2449 περιγραφὲν
1574 2363 1794 2447 σχῆμα
1827 2363 1953 2428 τοῦ
1989 2357 2442 2448 ἐγγραφέντος

299 2485 371 2535 20
408 2471 633 2552 μεῖζον
671 2461 855 2552 εἶμεν
892 2463 1207 2532 ἐλάσσονι
1244 2465 1496 2546 παντὸς
1529 2470 1654 2534 τοῦ
1689 2468 2135 2555 προτεθέντος
2170 2470 2439 2553 χωρίου.

543 2576 708 2639 ἔστω
767 2572 931 2656 ἕλιξ,
991 2569 1097 2658 ἐφ’
1158 2562 1241 2651 οἷς
1296 2569 1339 2638 ά
1385 2577 1753 2658 ΑΒΓΔΕ,
1807 2577 2058 2661 πέρατα
2113 2571 2188 2641 δὲ
2235 2570 2442 2652 αὐτᾶς

408 2675 489 2744 τὰ
528 2686 613 2764 Α,
653 2685 733 2763 Ε,
782 2681 948 2744 ἔστω
997 2674 1073 2744 δὲ
1119 2674 1290 2766 άρχὰ
1336 2682 1453 2758 τᾶς
1499 2679 1714 2758 ἕλικος
1756 2676 1832 2746 τὸ
1872 2685 1950 2764 Θ,
1995 2679 2106 2745 καὶ
2149 2677 2440 2766 ἐπεζεύχ-

408 2793 649 2852 θωσαν
713 2785 789 2850 αἱ
837 2790 999 2868 ΑΘ,
1052 2790 1196 2851 ΘΕ.
1283 2783 1655 2874 γεγράφθω
1728 2781 1813 2870 δὴ
1877 2783 2121 2865 κύκλος
2183 2784 2438 2876 κέντρω

412 2889 534 2979 μὲν
580 2893 672 2983 τῷ
719 2897 798 2976 Θ,
846 2891 1237 2976 διαστήματι
1286 2889 1362 2958 δὲ
1408 2895 1498 2981 τῷ
1543 2898 1695 2986 ΘΑ,
1741 2891 1853 2958 καὶ
1901 2889 2316 2978 συμπιπτέτω
2356 2895 2440 2980 τᾷ

294 3015 374 3064 -25
412 3003 543 3063 ΘΕ
592 2995 759 3064 κατὰ
813 2995 889 3064 τὸ
941 3003 1013 3064 Ζ.
1102 2993 1210 3064 άεὶ
1268 2995 1353 3084 δὴ
1409 3001 1527 3076 τᾶς
1579 2979 1830 3084 γωνίας
1879 3001 1998 3076 τᾶς
2051 2998 2201 3065 ποτὶ
2245 3023 2337 3090 τω
2384 3005 2442 3066 Θ

408 3101 522 3170 καὶ
576 3105 699 3168 τοῦ
755 3101 1008 3189 τομέως
1060 3106 1185 3171 τοῦ
1230 3110 1363 3172 ΘΑ
1372 3111 1426 3170 Ζ
1483 3107 1638 3191 δίχα
1681 3102 2108 3191 τεμνομένων
2158 3066 2442 3172 ἐσσέίται

410 3205 487 3276 τὸ
552 3207 1119 3295 καταλειπόμενον
1182 3213 1305 3277 τοῦ
1371 3211 1817 3298 προτεθέντος
1881 3215 2182 3278 ἔλασσον.
2273 3214 2442 3278 ἔστω

414 3313 716 3383 ἐλάσσων
772 3311 808 3382 6
853 3313 1096 3402 τομεὺς
1141 3313 1176 3384 6
1226 3323 1434 3385 ΘΑΚ
1475 3320 1599 3384 τοῦ
1646 3316 2104 3406 προτεθέντος.
2197 3314 2444 3404 ὁμοίως

560 3482 605 3526 1.
644 3471 891 3544 πόρισμα
925 3471 1023 3562 θ’]
1071 3493 1183 3545 mg.
1231 3479 1492 3546 Πορισμα
1540 3478 1765 3546 (comp.)
1812 3477 1871 3530 F.
2055 3483 2103 3532 2.
2144 3472 2316 3547 διότι]
2354 3471 2444 3531 ὅτι

404 3544 655 3600 Nimius,
821 3552 869 3600 7.
909 3546 1075 3618 ωστε]
1126 3564 1263 3601 εστω
1301 3563 1402 3615 per
1439 3564 1619 3616 comp.
1658 3548 1726 3616 13¹3
1777 3564 1914 3602 corr.
1955 3548 2075 3601 AB.
2242 3554 2292 3602 9.
2331 3551 2444 3601 παλ
