2659 3967
561 194 658 250 DE
695 194 808 263 Hs,
849 193 1048 260 QUAE
1085 194 1166 249 IN
1204 192 1501 249 HUMIDO
1540 194 1969 251 UEHUNTUR.
2152 194 2278 259 361

241 342 406 405 neat
458 360 592 405 non
645 343 926 425 motum,
981 344 1050 405 et
1104 342 1357 405 secetur
1414 339 1619 424 ipsius
1668 339 2038 424 superficies
2084 340 2283 425 plano

243 468 368 533 per
397 450 692 512 centrum
718 449 950 512 terrae.
1015 446 1106 512 sit
1133 450 1353 511 autem
1380 450 1596 511 terrae
1624 450 1917 511 centrum
1944 447 2033 531 K,
2065 468 2285 531 super-

241 552 418 618 ficiei
476 556 696 619 autem
743 552 947 621 sectio
994 553 1170 623 linea,
1213 552 1360 619 AB
1370 552 1529 619 GD.
1622 550 1765 617 dico
1808 553 2059 639 itaque,
2112 553 2287 620 linea

240 658 516 726 ABGD
548 660 776 726 circuli
805 680 948 725 esse
975 658 1369 744 pei-istriam,
1396 661 1692 724 centrum
1722 662 1942 725 autem
1966 660 2171 745 ipsius
2198 662 2285 726 K.

249 766 310 831 si
367 766 540 831 enim
591 786 730 831 non
781 770 911 850 est,
964 769 1181 833 rectae
1229 787 1270 831 a
1313 766 1396 831 K
1432 766 1513 831 ad
1557 766 1800 831 lineam
1844 766 2141 833 ABGD
2184 788 2286 833 oc·
2322 783 2356 832 5

243 876 581 939 currentes
636 893 772 937 non
823 876 1019 939 erunt
1062 872 1387 958 aequales.
1480 875 1778 939 sumatur
1820 873 2025 959 igitur
2069 874 2287 959 aliqua

1561 981 1761 1062 recta,
1799 1002 1966 1065 quae
2002 985 2105 1046 est
2131 1003 2289 1067 qua-

1559 1084 1836 1153 tundam
1865 1086 2123 1172 quidem
2154 1110 2194 1152 a
2219 1086 2299 1153 K

1563 1194 2042 1261 occurrentium
2090 1193 2173 1258 ad
2214 1194 2287 1259 li-

1557 1322 1748 1365 neam
1796 1300 2099 1367 ABGD
2154 1321 2287 1365 ma·
2326 1314 2397 1365 10

1560 1408 1678 1489 ior,
1725 1408 2125 1491 quarundam
2173 1427 2287 1472 au-

1556 1518 1691 1579 tem
1720 1514 1952 1597 minor,
1981 1517 2049 1577 et
2066 1516 2288 1579 centro

1560 1620 1821 1705 quidem
1848 1619 1936 1704 K,
1971 1617 2287 1684 distantia

248 1715 419 1781 &A
507 1713 580 1774 Χ
831 1712 927 1773 K
1312 1710 1493 1769 DE
1571 1730 1791 1793 autem
1856 1729 2153 1809 sumptae
2211 1724 2291 1789 li-

241 1859 408 1903 neae
460 1838 740 1904 circulus
799 1836 1218 1903 describatur.
1311 1836 1500 1903 cadet
1554 1836 1759 1921 igitur
1808 1831 2115 1917 periferia
2162 1830 2281 1895 cir·
2327 1844 2395 1894 15

243 1942 376 2009 culi
404 1942 654 2009 habens
678 1943 804 2008 hoc
831 1942 1092 2029 quidem
1118 1946 1302 2008 extra
1320 1943 1562 2008 lineam
1585 1938 1898 2024 ABGD,
1927 1938 2054 2002 hoc
2070 1938 2289 2002 autem

191 2114 196 2119 ,
245 2050 440 2134 intra,
478 2048 788 2134 quoniam
826 2070 992 2134 quae
1029 2070 1108 2113 ex
1145 2052 1369 2115 centro
1408 2045 1812 2134 quorundam
1848 2044 2107 2131 quidem
2145 2064 2186 2107 a
2220 2041 2300 2108 K

249 2154 726 2222 occurrentium
765 2154 846 2220 ad
881 2155 1124 2221 lineam
1149 2154 1447 2221 ABGD
1481 2158 1581 2221 est
1616 2153 1843 2237 maior,
1883 2150 2289 2237 quorundam

255 2265 472 2327 autem
509 2261 744 2327 minor.
809 2261 897 2327 sit
931 2261 1137 2347 igitur
1173 2261 1481 2345 descripti
1522 2260 1749 2327 circuli
1784 2258 2093 2345 periferia
2125 2278 2289 2342 quae

251 2366 509 2452 ΕΒΗ,
567 2372 634 2434 et
691 2368 774 2433 ab
820 2368 892 2435 B
946 2368 1028 2435 ad
1071 2368 1154 2433 K
1196 2371 1378 2434 recta
1426 2368 1727 2451 ducatur,
1782 2370 1849 2433 et
1895 2364 2282 2450 copulentur
2326 2377 2399 2426 20

257 2496 426 2559 quae
469 2474 636 2553 RK,
679 2474 760 2537 K
757 2473 892 2539 EL
945 2475 1248 2560 aequales
1305 2474 1619 2540 facientes
1666 2474 1966 2559 angulos.
2056 2470 2291 2537 descri-

251 2582 452 2647 batur
496 2582 716 2645 autem
763 2584 832 2645 et
874 2585 1097 2648 centro
1133 2581 1214 2645 K
1245 2581 1555 2666 periferia
1592 2578 1851 2665 quidem
1888 2598 2054 2662 quae
2088 2576 2163 2641 X
2170 2574 2295 2641 ΟΡ

248 2686 320 2750 in
375 2686 572 2770 plano
634 2689 701 2751 et
761 2687 833 2752 in
886 2687 1176 2754 humido,
1263 2691 1487 2771 partes
1542 2686 1766 2769 itaque
1820 2682 2071 2748 humidi
2124 2703 2289 2766 quae

249 2790 602 2857 secundum
629 2791 703 2857 Χ
712 2790 848 2857 ΟΡ
883 2792 1260 2878 periferiam
1298 2814 1377 2857 ex
1415 2790 1619 2875 aequo
1660 2792 1814 2855 sunt
1848 2788 2103 2873 positae
2140 2808 2288 2853 con-

247 2898 433 2963 tinue
492 2896 563 2962 in
621 2897 850 2963 uicem.
940 2900 1324 2983 premuntur
1385 2918 1551 2985 quae
1613 2893 1874 2980 quidem
1938 2893 2289 2959 secundum
2327 2906 2400 2956 25

408 3134 459 3183 7.
501 3123 878 3196 quarundam]
916 3124 1210 3196 genetiuus
1247 3140 1316 3179 ex
1343 3124 1557 3179 Graeco
1584 3122 1889 3179 translatus
1916 3124 2003 3178 est
2028 3123 2160 3193 (τῶν
2187 3120 2291 3193 μέν

259 3230 328 3241 -
343 3201 590 3271 μείζων).
739 3202 824 3251 14.
863 3197 1120 3267 sumptae
1153 3194 1371 3319 lineae}
1408 3195 1476 3265 τῇ
1515 3191 1797 3264 ληφθέντι
1834 3187 2056 3267 εὖθείᾳ.
2206 3199 2289 3251 16.

249 3270 466 3327 habens
531 3286 637 3325 om.
678 3267 891 3324 Comm.
1075 3267 1184 3323 hoc
1232 3266 1329 3336 qui
1369 3265 1482 3336 em]
1534 3261 1596 3320 τὸ
1646 3262 1838 3334 μέν-
1863 3260 1929 3320 τὰ
1966 3264 2050 3321 δέ.
2206 3270 2290 3319 19.

249 3342 434 3409 ‚‚sint“
523 3338 760 3397 artelea.
869 3344 957 3394 20.
997 3338 1345 3406 „clusarum-‘⁴
1380 3336 1661 3392 Textalea.
1778 3342 1866 3391 21.
1904 3336 2038 3390 RK
2098 3334 2292 3405 „MN

252 3412 548 3480 Tartalea3
603 3410 817 3467 Comm.
873 3410 1097 3465 litteras
1143 3425 1372 3479 prorsus
1418 3408 1680 3464 mutauit.
1860 3408 1928 3462 K
1931 3406 1995 3461 E
2002 3406 2055 3461 L
2121 3406 2291 3475 „how

253 3481 534 3609 {attalem
682 3488 769 3539 23.
809 3496 954 3552 quae
993 3478 1322 3551 secundum]
1362 3474 1432 3534 τὰ
1469 3473 1636 3533 κατά.
1775 3484 1861 3535 24.
1898 3477 2053 3549 „peri
2112 3478 2294 3532 riam“

303 3556 430 3609 arta
453 3569 536 3611 ea.
