2659 3967
440 149 573 208 VIII
1227 148 1664 211 PRAEFATIO.

442 300 573 384 ἔχει
612 293 736 383 τὴν
773 294 1054 384 ῥάβδον,
1088 294 1212 364 ,τὸν
1250 293 1459 364 αὐτὸν
1483 297 1598 364 καὶ
1625 294 1668 384 ἡ
1699 300 1773 366 ἐν
1803 299 2087 390 ἐπιπέδῳ
2116 300 2233 384 τῆς
2259 300 2463 387 πυρά-

434 398 633 481 μίδος
669 393 823 462 σκιὰ
859 392 1027 483 πρὸς
1064 392 1277 480 αὐτὴν
1314 398 1448 480 ἔχει
1483 393 1608 481 τὴν
1645 400 2003 483 πυραμίδα.
2073 395 2187 463 καὶ
2224 394 2464 464 λοιπὸν

436 496 515 581 τῇ
548 490 970 579 διαμετρήσει
1003 496 1119 578 τῆς
1155 495 1346 572 σκιᾶς
1375 496 1493 579 τῆς
1525 498 1897 581 πυραμίδος
1927 491 2004 562 τὸ
2037 498 2154 580 τῆς
2185 504 2465 580 πυραμί-

439 594 556 669 δος
600 587 774 671 ὕψος
817 604 959 670 τοῖς
996 590 1366 678 ἐρωτήσασι
1407 594 1618 676 δῆλον
1653 592 2065 679 κατέστησεν.
2137 616 2292 660 nam
2329 594 2468 658 ueri

438 690 654 765 simile
700 696 818 775 est,
864 678 1033 755 hauc
1069 691 1618 757 narratiunculam
1656 691 1802 757 inde
1840 696 2050 757 ortam
2089 713 2248 776 esse,
2293 692 2466 776 quod

437 787 505 853 in
560 787 937 871 catoptricis
983 787 1390 853 Archimedis
1441 789 1897 856 inueniebatur
1939 789 2304 875 propositio
2352 788 2464 853 ali-

438 911 567 972 qua
610 887 688 952 de
735 886 1195 952 altitudinibus
1242 910 1321 953 ex
1365 888 1598 953 umbra
1636 887 2066 973 dimetiendis,
2111 887 2325 972 qualis
2364 889 2464 951 est

436 985 727 1053 Euclidis
774 986 969 1069 optic.
1013 1007 1198 1070 prop.
1249 989 1350 1053 18.

571 1084 805 1149 ultimo
863 1084 1008 1149 loco
1065 1084 1393 1151 adnotabo
1449 1108 1752 1153 errores
1807 1046 2464 1172 typographicos,

436 1204 601 1267 quos
646 1180 907 1265 quidem
954 1180 1161 1246 adhuc
1208 1180 1760 1265 deprehenderim.

955 1276 1285 1363 Scriptum
1332 1285 1460 1347 est:
1595 1282 2021 1349 Scribendum
2069 1287 2235 1348 erat:

464 1379 497 1444 I
543 1403 603 1465 p.
695 1379 800 1462 24,
848 1377 958 1442 15:
1004 1373 1367 1461 περιγοὶψαι
1653 1378 2075 1467 περιγράψαι.

462 1478 499 1543 Ι
541 1501 603 1562 p.
693 1477 798 1560 46,
891 1477 957 1539 7:
1004 1472 1253 1559 ἰσούψη
1427 1541 1432 1546 .
1655 1480 1925 1564 ἰσοϋψῆ.

466 1575 499 1640 I
542 1598 606 1659 p.
658 1575 802 1658 106,
892 1574 960 1637 9:
1006 1597 1051 1656 η
1659 1571 1722 1660 ἡ.

467 1673 500 1739 Ι
547 1695 609 1756 p.
654 1672 803 1755 240,
850 1672 961 1736 2οε
1007 1671 1249 1755 τμῆμα.
1312 1668 1404 1750 ὡς
1658 1676 1904 1759 τμῆμα,
1949 1667 2042 1749 ὥς

470 1769 503 1834 I
546 1791 609 1853 p.
655 1769 807 1853 380,
852 1767 965 1834 25:
1008 1792 1277 1854 κορυφα
1667 1766 1933 1857 κορυφὰ

466 1868 500 1933 Ι
544 1891 609 1952 p.
653 1867 805 1949 424,
896 1866 963 1931 5:
1013 1863 1175 1932 ουδὲ
1668 1865 1830 1935 οὐδὲ

439 1964 507 2055 Π
549 1986 614 2049 Ρ.
664 1964 811 2046 146,
856 1963 969 2027 20:
1016 1964 1235 2047 ἔχοντι
1659 1970 1925 2053 ἔχωντις
2011 1970 2078 2030 et
2147 1965 2217 2031 in
2289 1964 2464 2029 notis

1654 2089 1717 2150 p.
1738 2065 1860 2129 147
1893 2062 2284 2128 addendum:
2319 2062 2465 2149 ,,2Ο.

1544 2211 1547 2214 ,
1655 2184 1874 2246 εχοντι
1919 2160 1998 2239 F,
2046 2159 2303 2245 uulgO.“

572 2258 643 2323 in
686 2258 897 2343 figura
941 2257 973 2321 I
1009 2281 1071 2342 p.
1110 2258 1241 2322 360
1288 2257 1516 2324 littera
1560 2260 1624 2322 Γ
1659 2257 1913 2340 excidit,
1959 2278 2122 2340 quae
2167 2256 2468 2341 ponenda

410 2360 584 2439 ⁴erat
626 2355 696 2419 in
741 2354 967 2420 dextra
1010 2358 1197 2438 parte
1244 2360 1537 2422 extrema
1581 2356 1949 2442 parabolae.
2030 2352 2063 2417 Ι
2107 2376 2168 2439 p.
2219 2354 2350 2419 244
2394 2355 2466 2418 111

441 2455 656 2539 figura
701 2454 975 2518 ducatur
1018 2452 1190 2517 linea
1236 2457 1394 2519 ΛΚ.

574 2554 909 2634 praeterea
952 2572 1082 2615 non
1128 2572 1276 2616 raro
1322 2551 1394 2615 in
1431 2553 1803 2619 accentibus
1841 2572 2020 2617 more
2045 2547 2464 2615 Doriensium

441 2649 756 2733 ponendis
810 2648 1053 2732 erraui,
1107 2650 1289 2714 uelut
1344 2651 1514 2734 quod
1571 2652 1641 2715 in
1693 2648 1897 2715 futuri
1945 2648 2144 2713 tertia
2188 2668 2468 2731 persona

440 2769 615 2812 num.
661 2746 825 2831 sing.
872 2746 1350 2811 circumflexum
1394 2769 1529 2815 non
1563 2747 1770 2832 posui,
1819 2750 1886 2810 et
1925 2745 2188 2811 omnino
2225 2744 2295 2809 in
2332 2744 2465 2831 dia-

441 2846 614 2910 lecto
672 2844 1079 2909 restituenda
1133 2844 1416 2911 fortasse
1475 2866 1704 2929 parum
1761 2843 1923 2909 mihi
1979 2843 2263 2910 constiti.
2355 2844 2466 2909 sed

442 2941 593 3006 huic
638 2941 734 3005 rei
780 2940 1191 3027 aliquatenus
1238 2943 1480 3009 mederi
1523 2964 1627 3007 me
1672 2963 1863 3027 posse
1911 2954 2128 3025 spero,
2171 2939 2464 3005 collectis

445 3038 747 3104 omnibus
793 3039 1054 3106 dialecti
1099 3040 1378 3107 Doricae
1423 3039 1751 3123 uestigiis,
1805 3061 1970 3124 quae
2018 3037 2191 3122 apud
2237 3036 2466 3103 Archi-

444 3136 699 3203 medem
752 3141 1113 3203 occurrunt.
1202 3139 1327 3203 hoc
1383 3143 1449 3204 et
1502 3138 1840 3205 materiem
1896 3134 2268 3221 disputandi
2312 3136 2466 3203 ube-

443 3235 681 3301 riorem
727 3238 813 3319 et,
858 3238 931 3300 ut
969 3228 1271 3319 arbitror,
1314 3235 1830 3319 fructuosiorem,
1873 3238 2045 3301 certe
2083 3234 2245 3301 mihi
2280 3234 2465 3301 fami-

444 3334 803 3418 liariorem,
858 3354 1055 3417 quam
1109 3333 1379 3415 praebet
1433 3333 1733 3418 quaestio
1779 3334 1858 3398 de
1903 3332 2227 3399 codicibus
2275 3334 2462 3399 aesti-

444 3431 717 3514 mandiS‚
762 3430 1153 3517 praefationi
1198 3432 1550 3499 uoluminis
1595 3432 1773 3499 tertii
1819 3453 2084 3516 sepono,

579 3526 778 3595 Scrib.
822 3527 1121 3596 Hauniae
1166 3528 1301 3597 Oal.
1348 3530 1714 3597 Februariis
1761 3526 2345 3597 MDOCGLXXXI.
