2659 3967
396 183 523 248 182
586 185 973 238 ΕΠΠῙΕΔΩΝ
1009 185 1236 238 ΙΣΟΡΡ.
1275 188 1329 237 H
1365 188 1651 238 KENTPA
1687 187 1930 239 ΒΑΡΩΝ
1964 189 2172 241 ΕΠΙΠ.
2215 182 2296 241 Α’.

386 327 701 413 κειμένου
755 328 1073 413 μεγέθεος
1126 327 1408 416 κέντρον
1465 328 1601 395 ἐστὶ
1659 326 1736 396 τὸ
1785 335 1872 396 Ν.
1964 332 2145 395 ἔστιν
2191 327 2266 396 δὲ
2309 329 2428 396 καὶ

386 437 510 502 τοῦ
566 442 631 501 A
642 441 847 501 EAZ
905 433 1610 523 παραλληλογράμμου
1668 435 1950 524 κέντρον
2003 438 2127 504 τοῦ
2183 434 2430 523 βάρεος

383 539 459 608 τὸ
510 549 600 608 Μ
634 553 930 628 σαμεῖον.
1006 539 1175 608 ὥστε
1219 529 1344 609 τοῦ
1391 543 1463 608 ἐκ
1507 540 1781 609 πάντων
1829 542 2268 629 συγκειμένου
2312 570 2428 630 με-

384 646 624 733 γέθεος
668 645 745 713 τὸ
791 647 1073 734 κέντρον
1119 651 1241 714 τοῦ
1287 628 1532 735 βῖἑρεός
1578 651 1757 716 ἐστιν
1805 648 1909 716 ἐπὶ
1955 653 2074 730 τᾶς
2111 656 2276 717 ΜΝ
2315 647 2427 716 εὖ-

312 765 346 815 5
384 757 595 832 θείας.
670 757 851 820 ἔστιν
898 753 973 821 δὲ
1018 753 1131 820 καὶ
1175 758 1298 822 τοῦ
1338 760 1544 821 ΑΒΓ
1579 756 1860 843 κέντρον
1905 759 2027 823 τοῦ
2064 755 2305 844 βάρεος
2341 755 2422 824 τὸ

382 866 441 927 Θ
497 871 793 946 σαμεῒον.
885 856 928 926 ἁ
985 866 1153 928 ΜΝ
1200 858 1333 949 ἄρα
1388 863 1840 948 ἐκβαλλομένα
1898 864 2249 949 πορευέται
2306 861 2423 931 διὰ

380 969 503 1033 τοῦ
551 974 609 1034 Θ
655 970 961 1053 σαμείου·
1027 965 1191 1054 ὅπερ
1237 966 1600 1037 ἀδύνατον.
1676 967 1802 1038 οὐκ
1847 968 1978 1059 ἄρα
2023 968 2099 1037 τὸ
2139 970 2424 1059 κέντρον

378 1075 502 1138 τοῦ
562 1072 806 1161 βάρεος
862 1076 987 1141 τοῦ
1048 1078 1253 1142 ΑΒΓ
1308 1074 1646 1163 τριγώνου
1710 1074 1837 1143 οὔκ
1892 1078 2072 1144 ἐστιν
2136 1077 2240 1144 ἐπὶ
2299 1082 2424 1157 τᾶς

380 1185 446 1244 Α
455 1184 523 1244 Δ
569 1176 859 1260 εὐθείας.
943 1184 1125 1248 ἔστιν
1171 1179 1305 1268 ἄρα
1353 1179 1453 1249 ἐπ’
1506 1179 1730 1262 αὐτᾶς.

282 1369 351 1419 10
1341 1357 1456 1428 ιδ’.

516 1478 787 1561 Παντὸς
831 1481 1167 1570 τριγώνου
1211 1484 1491 1568 κέντρον
1539 1486 1678 1552 ἐστὶ
1721 1489 1844 1552 τοῦ
1890 1483 2130 1573 βάρεος
2173 1482 2249 1553 τὸ
2299 1505 2418 1553 σα-

379 1598 605 1672 μεῖον,
667 1583 826 1654 καθ’
890 1583 928 1654 3
986 1592 1430 1674 συμπίπτοντι
1487 1593 1611 1657 τοῦ
1664 1589 1999 1677 τριγώνου
2055 1593 2130 1657 αἱ
2173 1593 2245 1658 ἐκ
2287 1595 2418 1658 τᾶν

378 1695 639 1778 γωνιᾶν
687 1693 793 1760 ἐπὶ
840 1693 1043 1779 μέσας
1086 1691 1207 1772 τὰς
1248 1691 1540 1782 πλευρὰς
1584 1693 1910 1782 ἄγομέναι
1955 1695 2238 1764 εὖθέίαι.

780 1855 863 1916 A
1557 1807 2266 1996 ΑΒῗτῖαὶτΞῒξέοέ
2291 1804 2419 1996 μῖτῗ

1756 1958 1776 1992 9

1557 2021 1700 2080 ΑΔ
1736 2013 1844 2081 ἐπὶ
1877 2013 2088 2101 μέσαν
2114 2013 2240 2083 τὰν
2270 2021 2417 2100 ΒΓ,

1558 2116 1601 2185 ἁ
1639 2119 1715 2187 δὲ
1743 2127 1875 2189 ΒΕ
1909 2121 2014 2188 ἐπὶ
2051 2121 2264 2207 μέσαν
2289 2121 2418 2188 τὰν

1557 2234 1623 2293 A
1632 2231 1704 2293 Γ.
1801 2229 2086 2295 ἐσσείται
2149 2225 2234 2313 δὴ
2291 2231 2416 2294 τοῦ

1557 2338 1766 2400 ΑΒΓ
1785 2333 2120 2421 τριγώνου
2156 2332 2232 2401 τὸ
2269 2333 2420 2402 κέν·

1555 2465 1719 2527 τρον
1790 2443 1913 2506 τοῦ
1986 2440 2228 2528 βάρεος
2300 2438 2409 2527 ἐφ’

1558 2544 1867 2632 ἑκατέρας
1901 2549 2026 2615 τᾶν
2055 2555 2217 2632 ΑΛ,
2254 2554 2416 2615 ΒΕ·

1405 2706 1488 2772 1⁷
1558 2655 1886 2720 δεδείκται
1975 2651 2107 2740 γὰρ
2193 2656 2416 2720 τοῦτο.

906 2773 980 2833 Δ
1557 2757 1726 2826 ὥστε
1761 2757 1837 2827 τὸ
1867 2766 1925 2826 Θ
1962 2771 2239 2845 σαμεῖον
2266 2757 2417 2826 κέν-

1543 2890 1708 2952 τρον
1755 2869 1878 2933 τοῦ
1924 2864 2169 2952 βάρεός
2217 2866 2417 2931 ἐστιν.

278 1919 345 1968 15

273 2450 343 2501 20

270 3051 341 3103 25
1349 3041 1450 3108 ιε’.

510 3161 781 3242 Παντὸς
832 3167 1186 3251 τραπεζίου
1238 3163 1358 3243 τὰς
1414 3162 1539 3231 δύο
1597 3163 1888 3253 πλευρὰς
1935 3168 2204 3252 ἔχοντος
2249 3186 2415 3251 παρ-

376 3267 709 3354 αλλήλους
768 3260 1089 3349 ἄλλάλαις
1146 3267 1221 3339 τὸ
1283 3269 1570 3359 κέντρον
1628 3271 1765 3339 ἐστὶ
1825 3274 1950 3338 τοῦ
2004 3269 2249 3357 βάρεος
2307 3268 2417 3337 ἐπὶ

374 3379 494 3454 τᾶς
552 3373 825 3456 εὐθείας
883 3378 1004 3456 τᾶς
1062 3375 1623 3462 ἐπιζευγνυούσας
1675 3374 1794 3455 τὰς
1850 3378 2235 3463 διχοτομίας
2287 3379 2417 3442 τᾶν

524 3542 572 3590 1.
602 3531 720 3590 ἐστὶ
746 3536 847 3592 τοῦ
877 3531 1083 3608 βάρεος
1109 3535 1408 3596 Torellius.
1509 3543 1558 3591 6.
1597 3531 1718 3606 διά]
1749 3535 1812 3588 δε
1843 3536 1940 3588 δια
1967 3533 2028 3590 F.
2125 3519 2209 3590 10.
2239 3530 2321 3605 ιβ’
2351 3535 2418 3589 F.
