2659 3967
429 181 563 248 436
1028 180 1249 237 LIBER
1283 178 1852 237 ASSUMPTORUM.

428 329 585 413 quia
638 326 711 391 in
761 325 1096 411 triangulo
1152 324 1370 392 ΑΕΖ)
1412 322 1555 391 AG
1607 326 1710 390 est
1767 323 2325 410 perpendicularis
2385 324 2468 388 ad

428 432 599 519 ΕΒ,
664 437 733 499 et
785 432 914 498 DI
958 435 1061 497 est
1115 452 1373 517 quoque
1427 429 1978 517 perpendicularis
2034 429 2114 493 ad
2169 428 2337 513 ΑΕ,
2403 434 2470 495 et

433 541 567 607 iam
612 560 683 605 se
730 542 958 605 mutuo
1007 541 1352 604 secuerunt
1394 537 1462 603 in
1499 534 1598 620 M,
1645 555 1801 621 ergo
1837 534 2058 601 ΕΜΟ
2102 535 2228 611 erit
2268 536 2472 601 etiam

434 644 1008 730 perpendicularis,
1058 642 1608 730 quemadmodum
1655 641 2059 708 ostendimus
2104 641 2173 707 in
2219 643 2472 726 exposi-

436 754 645 832 tione,
701 775 896 837 quam
954 750 1351 817 confecimus
1408 747 1488 813 de
1543 748 2057 834 proprietatibus
2107 747 2473 831 triangulo-

430 881 607 943 rum,
655 861 722 924 et
765 859 947 924 cuius
994 854 1466 924 demonstratio
1518 856 1651 921 iam
1699 855 1957 941 quidem
2004 853 2360 939 praecessit
2401 852 2470 917 in

437 966 754 1049 superiori
798 963 1248 1049 propositione
1296 965 1388 1046 [p.
1433 961 1571 1027 434
1613 965 1749 1027 not.
1793 961 1877 1043 1].
1970 960 2270 1026 similiter
2316 979 2472 1044 quo-

432 1092 555 1155 que
620 1069 749 1135 erit
791 1070 930 1136 FP
964 1066 1520 1156 perpendicularis
1567 1089 1763 1152 super
1811 1066 1964 1152 ΟΑ,
2027 1070 2097 1132 et
2143 1065 2298 1151 quia
2345 1065 2472 1131 duo

436 1176 687 1262 anguli,
749 1176 1074 1261 quisunt
1128 1175 1303 1261 apud
1348 1174 1409 1241 L
1463 1177 1530 1239 et
1572 1173 1674 1259 B,
1727 1176 1882 1238 sunt
1924 1172 2111 1256 recti,
2165 1172 2292 1237 erit
2336 1170 2476 1236 DL

433 1282 751 1366 parallelo,
812 1281 942 1367 ipsi
996 1281 1168 1366 AB,
1236 1284 1303 1347 et
1362 1280 1609 1365 pariter
1659 1278 1791 1345 DI
1835 1279 1966 1364 ipsi
2020 1277 2165 1347 ΟΒ.
2265 1278 2470 1363 igitur

434 1387 772 1471 proportio
818 1384 964 1453 AD
1020 1387 1103 1453 ad
1147 1386 1287 1454 Do
1335 1388 1436 1452 est
1479 1388 1556 1451 ut
1598 1384 1942 1471 proportio
1989 1386 2157 1452 AM
2192 1385 2273 1450 ad
2319 1383 2480 1450 ΕΜ

437 1493 647 1575 [Eucl.
675 1493 790 1578 VI,
816 1495 887 1576 2]
906 1544 923 1579 ‚
968 1494 1171 1560 immo
1214 1498 1293 1559 ut
1335 1493 1677 1577 proportio
1724 1492 1858 1559 ΑΟ
1903 1493 1985 1558 ad
2032 1492 2174 1577 ΟΡ,
2221 1496 2288 1557 et
2329 1514 2476 1577 pro·
2591 1539 2602 1547 -

435 1600 653 1685 portio
703 1598 833 1667 OD
888 1602 971 1667 ad
1015 1600 1161 1667 DA
1214 1604 1291 1666 ut
1343 1599 1687 1684 proportio
1738 1599 1876 1666 ΟΝ
1919 1600 2003 1665 ad
2047 1600 2217 1684 NE,
2270 1600 2472 1665 immo

436 1709 513 1770 ut
576 1707 915 1792 proportio
974 1706 1099 1773 ΟΡ
1154 1706 1237 1771 sd
1293 1704 1434 1771 ΡΟ.
1527 1709 1593 1769 et
1655 1709 1797 1773 erat
1850 1705 1998 1772 AD
2051 1706 2478 1791 sesquialtera

437 1810 603 1897 1303
646 1834 802 1899 ergo
839 1812 972 1879 ΑΟ
1017 1816 1120 1879 est
1164 1812 1591 1898 sesquialtera
1629 1812 1759 1879 ΟΡ
1794 1816 1864 1878 et
1891 1812 2021 1878 ΟΡ
2049 1813 2477 1898 sesquialtera

439 1916 574 1985 ΟΡ.
666 1940 824 2005 ergo
879 1923 1012 1985 tres
1071 1920 1282 1986 lineae
1328 1919 1489 2004 Ao,
1546 1918 1692 2005 ΟΡ,
1745 1918 1873 1987 ΡΟ
1913 1923 2068 1985 sunt
2109 1918 2477 2005 proportio-

436 2024 642 2110 nales,
690 2029 759 2091 et
801 2027 872 2091 in
916 2027 1140 2092 eadem
1186 2048 1512 2110 mensura,
1556 2025 1627 2091 in
1670 2048 1802 2111 qua
1847 2031 1947 2092 est
1986 2024 2118 2093 ΡΟ
2151 2028 2478 2111 quattuor,

440 2131 566 2196 erit
615 2130 745 2197 ΟΡ
794 2148 933 2216 sex‘,
988 2134 1054 2197 et
1097 2131 1231 2198 ΑΟ
1282 2154 1547 2216 nouem,
1605 2136 1672 2197 ct
1719 2131 1845 2199 ΟΑ
1887 2133 2330 2199 nouendecim.
2417 2135 2482 2196 et

442 2236 598 2320 quia
643 2235 769 2300 ΡΟ
814 2239 1106 2322 aequalis
1154 2240 1256 2304 est
1298 2238 1454 2323 EF,
1501 2238 1626 2304 erit
1671 2239 2008 2323 proportio
2054 2237 2186 2304 ΑΟ
2225 2238 2307 2303 ad
2345 2236 2489 2303 EF

441 2344 518 2405 ut
572 2342 995 2408 nouendecim
1056 2344 1135 2409 ad
1184 2366 1313 2409 sex.
1394 2344 1597 2429 igitur
1642 2346 2004 2428 reperimus
2049 2344 2288 2410 dictam
2333 2366 2480 2428 pro-

439 2448 826 2533 portionem.
910 2449 1109 2514 etiam
1156 2450 1214 2514 si
1258 2450 1458 2515 fuerit
1501 2449 1648 2518 AD
1693 2451 1775 2516 ad
1821 2450 1957 2518 Do
1997 2449 2480 2535 qualiscunque,

441 2559 518 2621 ut
554 2555 969 2640 sesquitertia
1006 2558 1121 2620 aut
1160 2556 1618 2641 sesquiquarta
1659 2560 1773 2622 aut
1809 2558 1959 2642 alia,
2005 2557 2131 2622 erit
2166 2557 2479 2623 iudicium

444 2666 511 2726 et
556 2662 748 2747 ratic,
792 2662 891 2727 uti
936 2662 1179 2727 dictum
1226 2664 1342 2727 est.
1430 2666 1497 2726 et
1531 2660 1658 2727 hoc
1705 2667 1823 2747 est,
1869 2663 2039 2747 quod
2086 2662 2436 2728 noluimus.

1388 2853 1538 2920 VII.

581 2976 651 3044 Si
706 2978 985 3046 circ'ulus
1042 2980 1212 3045 circa
1268 2979 1660 3065 quadratum
1714 2979 2074 3065 descriptus
2126 2978 2356 3064 fuerit,
2419 2984 2484 3044 et

447 3084 617 3151 alius
681 3084 858 3149 intra
915 3084 1105 3150 illum
1114 3136 1134 3171 ,
1196 3085 1424 3170 utique
1480 3085 1608 3150 erit
1662 3085 2192 3171 circumscriptus
2248 3083 2484 3172 duplus

447 3190 764 3275 inscripti.
824 3190 913 3256 sit
947 3191 1171 3278 itaque
1205 3192 1485 3258 circulus
1513 3192 2064 3275 comprehendens
2095 3191 2486 3277 quadratum

450 3297 595 3364 AB
641 3296 925 3363 circulus
971 3296 1141 3382 AB,
1198 3300 1265 3362 et
1310 3296 1663 3382 inscriptus
1712 3296 1864 3382 OD,
1921 3300 1988 3361 et
2034 3295 2122 3362 sit
2167 3296 2487 3363 diameter

449 3404 755 3488 quadrati
790 3401 953 3488 AB,
1000 3407 1067 3468 ct
1114 3407 1216 3469 est
1261 3403 1578 3470 diameter
1625 3402 1848 3470 circuli
1885 3402 2375 3489 circumscripti,
2421 3408 2486 3469 et

450 3507 795 3575 educamus
841 3508 972 3578 ΟΒ
1026 3510 1420 3577 diametrum
1473 3511 1698 3577 circuli
1749 3508 2057 3593 inscripti
2100 3508 2485 3595 parallelum
