2659 3967
801 192 899 247 DE
936 192 1181 249 LINEIS
1218 192 1660 250 SPIRALIBUS.
2111 193 2239 259 113

212 358 365 401 ram
418 337 973 423 circumscriptam
1028 337 1342 404 minorem
1395 339 1725 404 rationem
1775 339 1977 405 habet
2046 361 2241 425 quam

212 441 299 507 sd
367 443 679 508 circulum
742 455 797 511 Q.
888 465 1086 528 quare
1150 444 1430 510 circulus
1489 459 1529 513 Q
1589 445 1806 518 minor
1867 449 1970 509 est
2029 445 2244 531 figura

212 549 705 633 circumscripta
742 548 953 631 [Eucl.
971 549 1052 634 V,
1084 551 1214 632 10].
1286 550 1401 615 sed
1436 572 1570 616 non
1605 554 1710 616 est
1745 551 1977 636 minor,
2011 571 2242 617 uerum

210 656 442 722 maior.
531 655 753 740 itaque
808 656 1085 722 circulus
1134 670 1173 725 Q
1219 656 1430 722 maior
1472 678 1610 723 non
1656 661 1758 723 est
1805 657 2020 741 spatio
2067 678 2242 722 com-

208 760 535 846 prehenso
582 762 810 847 spirali
854 765 1195 828 ΑΒΓΔΕ
1234 765 1304 827 et
1347 763 1521 828 linea
1564 767 1715 828 ΛΕ.

350 868 467 933 sed
520 891 607 934 ne
650 869 865 935 minor
908 868 1166 954 quidem
1212 873 1329 934 est.
1421 869 1510 933 sit
1555 869 1755 953 enim,
1809 869 1868 935 si
1911 869 2054 934 fieri
2096 873 2243 954 pot·

207 977 335 1059 est,
384 975 612 1041 minor.
702 996 929 1040 rursus
972 974 1178 1060 igitur
1218 973 1366 1039 fieri
1407 978 1647 1060 potest,
1689 978 1768 1039 ut
1809 974 2026 1060 spatio
2073 996 2242 1040 com-

204 1081 539 1166 prehenso
586 1081 815 1166 spirali
858 1084 926 1146 et
968 1081 1143 1146 linea
1169 1085 1309 1145 AE
1349 1080 1562 1166 figura
1605 1080 1808 1166 plana
1849 1079 2244 1146 inscribatur

206 1208 291 1252 ex
332 1187 661 1254 similibus
698 1187 1059 1254 sectoribus
1095 1186 1478 1272 composita,
1514 1187 1611 1252 ita
1644 1190 1721 1252 ut
1755 1185 2042 1272 spatium
2071 1208 2243 1252 com-

203 1293 607 1378 prehensum
660 1293 889 1379 spirali
932 1296 1274 1359 ΑΒΓΔΕ
1322 1296 1392 1358 et
1433 1293 1606 1359 linea
1650 1297 1715 1358 Α
1723 1298 1788 1358 Ε
1829 1293 2107 1376 figuram
2149 1293 2244 1358 in-

206 1401 527 1485 scriptam
590 1400 857 1466 excedat
912 1400 1127 1484 spatio
1181 1400 1460 1484 minore,
1521 1420 1716 1484 quam
1769 1403 2016 1482 quanto
2069 1399 2242 1466 idem

207 1505 508 1591 spatium
552 1506 865 1572 circulum
912 1520 951 1576 Q
997 1505 1249 1572 excedit
1298 1507 1506 1589 [prop.
1543 1505 1631 1570 22
1675 1504 1946 1586 coroll.].
2017 1505 2246 1572 inscri-

206 1613 413 1678 batur
465 1612 695 1696 igitur,
748 1615 817 1676 st
859 1613 1215 1696 sectorum,
1267 1632 1348 1675 ex
1394 1610 1626 1695 quibus
1671 1612 1883 1696 figura.
1925 1611 2245 1695 inscripta

206 1719 581 1804 composita
608 1721 729 1802 est,
754 1718 1073 1784 maximus
1102 1717 1191 1782 sit
1215 1721 1354 1782 ΘΚ
1362 1720 1433 1801 P,
1458 1716 1762 1782 minimus
1791 1719 2010 1782 autem
2028 1721 2244 1785 ΘΕΟ.

210 1825 492 1911 adparet
542 1823 775 1909 igitur,
826 1824 1107 1910 figuram
1150 1823 1533 1908 inscriptam
1575 1822 1889 1888 maiorem
1935 1844 2076 1888 esse
2123 1824 2244 1890 cir-

208 1932 365 1998 culo
402 1945 441 1999 Q
482 1931 568 2015 [p.
601 1930 729 1996 105
764 1933 902 1996 not.
931 1931 1018 2012 1].
1088 1928 1531 2016 producantur
1563 1927 1774 1993 lineae
1813 1927 1896 1993 sd
1929 1932 2244 2014 punctum

210 2041 271 2102 Θ
318 2036 623 2121 aequales
679 2036 957 2120 angulos
1012 2035 1364 2102 efficientes
1409 2056 1614 2119 usque
1660 2056 1764 2119 e0‚
1818 2039 1893 2101 ut
1937 2035 2017 2100 ad
2063 2036 2242 2102 amb—

212 2145 387 2209 itum
430 2141 654 2208 circuli
698 2142 1103 2227 perueniant.
1172 2163 1398 2206 rursus
1439 2140 1642 2226 igitur
1677 2140 1892 2208 lineae
1927 2143 2242 2227 quaedam

211 2252 373 2316 sunt
426 2248 686 2334 aequali
742 2247 953 2332 spatio
1010 2248 1182 2314 inter
1236 2269 1308 2312 se
1355 2247 1758 2330 excedentes,
1818 2268 1932 2312 eae
1979 2247 2244 2332 scilicet,

210 2377 384 2442 quae
431 2377 471 2420 a
511 2357 759 2440 puncto
796 2357 855 2419 Θ
900 2353 984 2419 ad
1030 2354 1362 2440 spiralem,
1384 2353 1616 2418 ductae
1661 2356 1814 2418 sunt
1862 2355 2072 2439 [prop.
2114 2356 2243 2439 12],

210 2485 494 2548 quarum
556 2461 847 2526 maxima
908 2459 1011 2526 est
1062 2465 1197 2526 ΘΑ
1205 2511 1223 2544 ,
1284 2461 1556 2526 minima
1619 2461 1839 2526 autem
1893 2463 2037 2526 ΘΕ.
2129 2461 2243 2526 sed

1435 2603 1547 2610 -——-

2023 2605 2095 2609 —..-
2109 2605 2124 2610 ..
2132 2605 2242 2612 -—-—-.

212 2675 333 2738 ’Μ’
385 2678 413 2725 1
453 2671 514 2726 F·
696 2676 783 2726 26.
820 2689 961 2739 προς
1005 2687 1105 2740 per
1151 2686 1331 2794 comlp.
1372 2668 1442 2733 Ἐς
1488 2685 1627 2726 corr.
1665 2669 1959 2725 Torellius.
2139 2669 2242 2743 τῷ]

213 2742 447 2812 soripflii
482 2761 546 2796 ‘⁸⁰
584 2743 645 2811 F,
681 2742 871 2812 Ulllgo.
1016 2747 1101 2796 29.
1142 2760 1221 2795 mv
1303 2783 1317 2810 ‚
1355 2741 1546 2810 uulgo,

324 3635 638 3691 Archimedes,
664 3637 736 3678 ed.
766 3636 985 3688 Heiberoe.
1031 3637 1095 3679 11.
1891 3632 1925 3680 8
