2659 3967
604 899 1006 973 Ἐπιπέδων
1061 904 1509 996 ίσορροπιῶν
1561 897 1606 995 ἢ
1661 909 1916 993 κέντρα
1967 905 2210 996 βαρῶν

1156 1025 1510 1092 ἐπιπέδων
1565 1017 1659 1091 α’.

532 1186 610 1255 α’.
659 1185 1055 1274 Αἰτούμεθα
1089 1185 1170 1255 τὰ
1210 1194 1323 1254 ἴσα
1356 1187 1568 1275 βάρεα
1596 1186 1725 1257 ἀπὸ
1760 1196 1927 1257 ἴσων
1956 1190 2220 1276 μακέων
2251 1193 2440 1279 ἰσορ-

398 1307 657 1384 ροπεῖν,
704 1293 786 1362 τὰ
837 1295 913 1363 δὲ
960 1303 1073 1362 ἴσα
1118 1292 1329 1383 βάρεα
1375 1292 1506 1364 ἀπὸ
1554 1299 1692 1364 τῶν
1739 1293 1998 1364 ἀνίσων
2037 1297 2301 1386 μακέων
2339 1295 2438 1384 μὴ

324 1424 357 1473 5
399 1406 811 1489 ἰσορροπεῖν,
860 1397 1029 1468 ἀλλὰ
1076 1401 1303 1488 ῥέπειν
1351 1401 1458 1468 ἐπὶ
1494 1399 1569 1470 τὸ
1609 1400 1817 1491 βάρος
1851 1401 1927 1471 τὸ
1968 1400 2100 1471 ἀπὸ
2138 1406 2260 1471 τοῦ
2298 1410 2438 1490 μεί-

401 1515 591 1590 ζονος
636 1507 893 1595 μάκεος.

534 1613 613 1701 β’.
680 1622 748 1683 εἴ
802 1640 887 1681 κα
943 1613 1206 1700 βαρέων
1262 1613 1805 1701 ἰσορροπεόντων
1871 1613 2003 1684 ἀπό
2060 1641 2266 1684 τινων
2312 1642 2443 1702 μα-

397 1723 570 1791 κέων
620 1721 773 1790 ποτὶ
816 1718 893 1789 τὸ
942 1721 1170 1808 ἕτερον
1215 1724 1355 1788 τῶν
1400 1722 1666 1810 βαρέων
1713 1725 2065 1812 ποτιτεθῇ,
2113 1722 2202 1811 μὴ
2253 1727 2444 1808 ἰσορ-

401 1841 657 1917 ροπεϊν,
708 1825 879 1896 ἀλλὰ
927 1828 1153 1915 ῥέπειν
1202 1827 1309 1895 ἐπὶ
1356 1827 1430 1896 τὸ
1471 1827 1950 1918 βάροςέκεῖνο,
1999 1821 2052 1920 ᾧ
2090 1831 2442 1917 ποτετέθη.

295 1954 362 2004 10
534 1934 614 2022 γ’.
663 1931 911 2022 ὁμοίως
959 1933 1035 2002 δὲ
1078 1939 1220 2021 καί,
1279 1941 1348 2002 εἴ
1384 1961 1469 2002 κα
1514 1933 1645 2003 ἀπὸ
1692 1939 1818 2004 τοῦ
1865 1936 2096 2024 ἑτέρου
2138 1940 2276 2005 τῶν
2323 1941 2443 2022 βα-

402 2043 576 2130 ρέων
625 2037 970 2128 ἀφαιρεθῇ
1016 2066 1103 2127 τι,
1151 2039 1240 2128 μὴ
1281 2044 1691 2129 ἰσορροπεῖν,
1739 2040 1909 2109 ἀλλὰ
1949 2044 2174 2128 ῥέπειν
2213 2043 2318 2111 ἐπὶ
2354 2041 2440 2111 τὸ

400 2146 632 2235 βάρος,
674 2144 801 2233 ἀφ’
857 2138 942 2214 οὗ
991 2144 1116 2216 οὐκ
1161 2145 1498 2236 ἀφῃρέθη.

538 2252 617 2319 δ’.
662 2255 800 2320 τῶν
839 2261 1007 2322 ἴσων
1044 2255 1157 2320 καὶ
1196 2259 1454 2341 ομοίων
1493 2253 1848 2342 σχημάτων
1879 2257 2206 2324 ἐπιπέδων
2237 2258 2441 2344 ἐφαρ-

402 2359 787 2447 μοζομένων
854 2359 954 2428 ἐπ’
1026 2359 1283 2428 ἄλλαλα
1345 2363 1458 2429 καὶ
1521 2359 1604 2428 τὰ
1666 2363 1907 2450 κέντρα
1969 2367 2106 2431 τῶν
2171 2363 2442 2451 βαρέων

296 2483 364 2533 15
403 2463 760 2554 ἐφαρμόζει
808 2464 912 2535 ἐπ’
964 2465 1238 2535 ἅλλαλα.

536 2571 605 2641 ε’.
651 2575 790 2640 τῶν
838 2573 914 2641 δὲ
960 2570 1244 2660 ἀνίσων,
1303 2571 1559 2659 ὁμοίων
1607 2574 1683 2642 δὲ
1725 2573 1805 2642 τὰ
1853 2575 2094 2662 κέντρα
2139 2578 2276 2643 τῶν
2322 2579 2440 2660 βα-

403 2681 577 2769 ρέων
654 2675 903 2764 ὁμοίως
967 2681 1254 2747 ἐσσείται
1319 2686 1608 2766 κείμενα.
1710 2678 1958 2768 ὁμοίως
2024 2680 2100 2748 δὲ
2164 2682 2443 2767 λέγομες

402 2799 643 2873 σαμεῖα
698 2787 972 2854 κεέσθαι
1028 2787 1179 2854 ποτὶ
1233 2785 1315 2854 τὰ
1378 2783 1580 2872 ὁμοῖα
1629 2781 1956 2874 σχήματοῖ,
2010 2783 2131 2874 ἀφ’
2185 2778 2283 2855 ‹52›
2332 2787 2442 2855 ἐπὶ

401 2891 522 2971 τὰς
560 2899 708 2971 ἴσας
743 2898 993 2978 γωνίας
1030 2890 1355 2980 ἀγομέναι
1394 2889 1658 2960 εὐθείαι
1684 2894 1983 2962 ποιέοντι
2010 2898 2261 2980 γωνίας
2290 2902 2443 2973 ἴσας

298 3013 367 3063 20
405 2998 556 3065 ποτὶ
602 2995 718 3076 τὰς
766 2996 1140 3086 ὁμολόγους
1185 2999 1492 3087 πλευράς.

552 3182 601 3230 3.
645 3193 876 3244 ισορροπ
915 3194 1041 3230 oum
1079 3193 1258 3246 comp.
1297 3196 1370 3245 ην
1407 3175 1501 3232 uel
1537 3196 1592 3230 ιν
1620 3176 1682 3245 F,
1719 3179 1784 3232 ut
1810 3177 1906 3232 lin.
1938 3183 1970 3232 5
1999 3177 2103 3232 bis,
2215 3182 2264 3232 5.
2295 3195 2444 3232 ισσο-

407 3265 604 3317 ροπειν
642 3246 715 3315 F,
766 3249 831 3302 ut
866 3246 964 3301 lin.
1006 3253 1053 3302 7.
1237 3254 1287 3302 8.
1324 3267 1408 3316 τι,
1457 3242 1532 3330 μῄ
1572 3247 1869 3304 Tol-essius,
2052 3254 2101 3302 9.
2139 3266 2341 3304 εκεινω
2379 3247 2441 3316 F;

408 3335 544 3374 e.orr
586 3316 863 3372 Riualtus.
1021 3324 1103 3374 12.
1143 3313 1229 3387 ἀφ
1236 3313 1279 3388 ’]
1320 3335 1458 3373 corr.
1496 3319 1557 3373 in
1595 3313 1692 3388 εφ’
1734 3337 1906 3374 manu
1945 3325 1972 3373 1
2013 3318 2134 3373 F
2222 3325 2305 3374 14.
2344 3324 2444 3374 αλ-

405 3393 544 3457 ληλα
582 3388 656 3456 F,
695 3406 832 3444 corr.
872 3339 1271 3458 Torellius,ut
1305 3388 1520 3444 lin.15.
1636 3395 1727 3513 15.
1761 3384 2105 3460 ἐφαρμόζειν
2143 3390 2438 3446 Toranius,

410 3465 493 3515 17.
538 3430 803 3531 ἐσσείται]
844 3459 1062 3548 scripsi,
1113 3479 1267 3516 εσται
1313 3478 1417 3529 per
1464 3477 1646 3531 comp.
1683 3460 1754 3530 F,
1802 3462 2002 3603 uul÷03
2051 3457 2210 3531 εἶμεν
2247 3461 2443 3517 Torel-

404 3530 532 3585 lius.
682 3536 765 3586 17.
802 3529 1038 3601 λέγομεν
1075 3530 1137 3599 F,
1176 3532 1367 3602 uulgo,
1518 3537 1599 3586 19.
1639 3549 1876 3587 ποιωντι
2009 3531 2198 3603 uulgo.
