2659 3967
276 1265 343 1313 10

383 151 517 215 232
900 151 1288 203 ΕΠΙΠΕΔΩΝ
1322 148 1778 204 ῙΣοΡΡοΠΙΩΝ
1811 141 1900 199 Β’.

381 297 445 362 εἰ
490 292 565 361 δὲ
608 299 831 378 τοῦτο,
880 297 1060 360 ἔστιν
1107 289 1196 372 ὥς
1242 289 1284 360 ἁ
1312 299 1445 359 ΛΖ
1482 291 1633 359 ποτὶ
1661 297 1815 358 ΛΗ
1843 288 2150 376 δυνάμει,
2199 285 2420 368 οὕτως

381 396 423 466 ἁ
484 407 606 490 Z·B
670 400 822 466 ποτὶ
881 406 1024 467 ΒΗ
1081 398 1305 485 μάκει,
1367 399 1712 466 τουτέστιν
1769 394 1811 464 ἆ
1869 402 2034 464 ΜΝ
2080 395 2232 463 ποτὶ
2275 396 2422 470 ΝΞ

383 503 684 591 δυνάμει.
748 506 859 572 καὶ
906 502 996 586 ὡς
1042 503 1174 595 ἄρα
1221 501 1264 570 ἃ
1301 512 1367 571 Α
1380 511 1433 570 Ζ
1469 505 1622 572 ποτὶ
1660 510 1816 571 ΛΗ
1842 503 2152 589 δυνάμει,
2198 499 2420 580 οὕτως

382 608 423 678 ἅ
454 618 622 679 ΜΝ
658 613 810 680 ποτὶ
839 615 979 690 ΝΞ
1021 611 1321 700 δυνάμει.
1389 610 1556 681 ὥστε
1600 611 1714 679 καὶ
1760 610 1954 697 μάκει
1991 612 2064 678 ἐν
2101 613 2192 701 τῷ
2230 605 2414 697 αὐτῷ

381 717 577 809 λόγῳ.
669 718 781 785 καὶ
841 715 931 798 ὡς
991 717 1122 809 ἄρα
1184 716 1220 787 6
1283 716 1414 786 ἀπὸ
1461 726 1591 786 AZ
1645 716 1850 803 κύβος
1903 716 2056 784 ποτὶ
2111 713 2234 784 τὸΰ
2278 712 2416 782 ἀπὸ

381 830 537 892 ΔΗ
582 822 828 911 κύβον,
885 823 1099 905 οὕτως
1156 823 1191 893 6
1248 823 1382 894 άπὸ
1431 831 1597 892 ΜΝ
1645 824 1851 910 κύβος
1904 824 2056 892 ποτὶ
2112 820 2228 890 τὸν
2277 818 2418 888 άπὸ

379 934 522 1009 ΝΞ
569 931 801 1017 κύβον.
884 930 1031 1000 ἀλλ’
1094 930 1184 1011 ὡς
1229 931 1354 1019 μὲν
1401 929 1437 999 6
1487 929 1618 999 ἀπὸ
1667 939 1796 998 ΑΖ
1841 931 2048 1016 κύβος
2093 929 2244 998 ποτὶ
2289 926 2418 996 τὸν

380 1033 513 1105 ἀπὸ
555 1043 706 1104 ΔΗ
745 1037 981 1124 κύβον,
1030 1036 1244 1118 οὕτως
1290 1037 1365 1106 τὸ
1398 1044 1604 1105 ΒΑΓ
1641 1042 1866 1124 τμᾶμα
1911 1037 2061 1105 ποτὶ
2098 1035 2174 1104 τὸ
2207 1043 2424 1108 ΔΒΕ

381 1147 634 1229 τμᾶμα,
696 1141 785 1224 ὥς
847 1144 922 1212 δὲ
983 1142 1018 1212 6
1077 1141 1208 1213 άπὸ
1257 1151 1427 1212 ΜΝ
1471 1144 1679 1230 κύβος
1733 1144 1883 1234 ποτὶ
1929 1142 2050 1212 τὸν
2097 1139 2228 1210 άπὸ
2275 1143 2425 1218 ΝΞ

379 1248 616 1335 κύβον,
678 1248 891 1330 οὕτως
952 1247 993 1316 ἆ
1050 1257 1216 1318 ΜΝ
1266 1251 1416 1319 ποτὶ
1473 1257 1629 1342 ΝΤ.
1722 1249 1890 1319 ὥστε
1947 1250 2059 1317 καὶ
2119 1247 2418 1316 διελόντι

382 1354 561 1422 ἐστὶν
618 1351 708 1434 ὥς
764 1352 800 1423 6
848 1362 1130 1423 ΑΔΓΕ
1171 1355 1373 1443 τόμος
1418 1357 1568 1424 ποτὶ
1615 1354 1691 1426 τὸ
1738 1363 1947 1423 ΔΒΕ
1986 1360 2240 1442 τμᾶμα,
2299 1353 2418 1421 οὕ-

379 1487 507 1540 τως
562 1457 603 1527 ἆ
652 1469 809 1529 ΜΤ
854 1464 1006 1530 ποτὶ
1053 1469 1223 1548 ΝΤ,
1284 1465 1586 1532 τουτέστι
1639 1465 1720 1532 τὰ
1774 1468 1927 1551 τρία
1980 1463 2239 1549 πέμπτα
2294 1466 2418 1540 τᾶς

289 1589 293 1593 ·
377 1573 515 1634 ΗΖ
560 1569 710 1636 ποτὶ
747 1575 795 1636 Ι
800 1576 867 1636 Ρ.
938 1569 1051 1636 καὶ
1099 1570 1238 1637 ἐπεὶ
1283 1568 1360 1638 τὸ
1411 1569 1684 1659 στερεὸν
1729 1567 1804 1638 τὸ
1852 1567 2055 1654 βάσιν
2093 1568 2216 1655 μὲν
2254 1572 2417 1654 ἔχον

276 1796 340 1844 15

272 2326 341 2375 20

378 1672 451 1742 τὸ
501 1671 639 1742 άπὸ·
676 1682 807 1742 ΛΖ
852 1674 1295 1764 τετράγωνον,
1341 1673 1516 1757 ῧψος
1562 1676 1638 1745 δὲ
1681 1674 1806 1744 τάν
1851 1676 2292 1762 συγκειμέναν
2339 1679 2418 1741 ἔκ

376 1805 447 1846 τε
500 1785 621 1859 τᾶς
668 1785 1019 1861 διπλασίας
1063 1786 1181 1862 τᾶς
1227 1788 1384 1849 ΔΗ
1418 1782 1529 1849 καὶ
1575 1787 1692 1862 τᾶς
1738 1790 1866 1849 AZ
1911 1781 2065 1849 ποτὶ
2109 1779 2232 1848 τὸν
2277 1777 2415 1848 άπὸ

377 1892 442 1951 Α
455 1892 510 1951 Ζ
562 1884 777 1972 κύβον
832 1887 1041 1973 λόγον
1088 1893 1249 1976 ἔχει,
1308 1884 1392 1956 ὃν
1440 1886 1481 1954 ἁ
1531 1892 1848 1956 διπλασία
1893 1892 2010 1968 τᾶς
2056 1895 2213 1955 ΛΗ
2249 1885 2414 1975 μετὰ

377 1996 495 2071 τάς
540 2000 669 2060 ΛΖ
716 1994 867 2062 ποτὶ
916 2002 1076 2080 ΖΛ,
1126 1993 1293 2063 ὥστε
1338 2001 1480 2081 καί,
1529 1992 1611 2063 ὃν
1659 1993 1701 2061 ἆ
1750 1999 2066 2065 διπλασία
2109 1998 2230 2074 τᾶς
2274 1998 2421 2070 ΝΞ

378 2097 538 2185 μετὰ
587 2103 704 2178 τᾶς
749 2106 920 2166 ΝΜ
955 2100 1105 2168 ποτὶ
1149 2109 1340 2187 ΝΜ,
1389 2106 1525 2169 ἔστι
1573 2101 1649 2169 δὲ
1693 2105 1833 2184 καί,
1881 2097 1970 2180 ὥς
2017 2098 2052 2169 6
2101 2098 2231 2168 ἀπὸ
2279 2107 2414 2167 ΛΖ

376 2202 582 2289 κύβος
636 2204 787 2272 ποτὶ
842 2203 964 2273 τὸν
1021 2203 1153 2273 άπὸ
1204 2213 1361 2273 ΔΗ
1397 2206 1646 2292 κύβον,
1705 2204 1916 2287 οὕτως
1963 2204 2004 2274 οἱ
2055 2213 2212 2275 ΜΝ
2257 2207 2414 2274 ποτὶ

377 2315 537 2394 ΝΤ,
586 2306 675 2389 ὥς
722 2309 797 2378 δὲ
844 2307 880 2378 6
930 2308 1061 2380 ἀπὸ
1100 2318 1256 2379 ΔΗ
1290 2312 1500 2398 κύβος
1542 2313 1693 2381 ποτὶ
1739 2312 1816 2381 τὸ
1864 2312 2139 2402 στερεὸν
2172 2339 2250 2381 το
2289 2312 2409 2398 βά-

378 2433 488 2482 σιν
544 2414 667 2501 μὲν
724 2421 879 2504 ἔχον
934 2417 1009 2486 τὸ
1068 2416 1197 2487 άπὸ
1247 2428 1404 2488 ΔΗ
1440 2419 1894 2509 τετράγωνον,
1942 2418 2115 2501 ὕψος
2162 2418 2238 2487 δὲ
2282 2416 2414 2486 τὰν

348 2524 818 2608 συγκειμέναν
880 2528 951 2590 ἔκ
1008 2549 1078 2590 τε
1137 2529 1258 2604 τοῖς
1312 2529 1664 2606 διπλασίας
1717 2531 1834 2606 τᾶς
1888 2535 1954 2593 A
1963 2533 2018 2592 Z
2073 2523 2232 2614 μετὰ
2290 2527 2413 2605 τᾶς

377 2637 553 2717 ΔΗ,
616 2627 830 2709 οὕτως
886 2627 927 2696 o‘c
977 2637 1133 2698 AH
1177 2632 1329 2699 ποτὶ
1385 2630 1509 2699 τὰν
1565 2634 2004 2719 συγκειμέναν
2061 2635 2133 2701 ἐκ
2178 2658 2248 2699 τε
2292 2636 2414 2712 τᾶς

377 2740 728 2815 διπλασίας
773 2738 890 2814 τᾶς
926 2742 1055 2802 ΛΖ
1102 2736 1214 2802 καὶ
1258 2741 1377 2816 τᾶς
1418 2743 1582 2822 ΔΗ,
1630 2733 1798 2805 ὥστε
1841 2737 1955 2804 καὶ
2001 2735 2042 2804 ἆ
2087 2743 2226 2804 ΤΝ
2253 2737 2410 2804 ποτὶ

520 2867 567 2915 1.
606 2857 643 2915 ἆ
685 2861 805 2932 ΑΖ]
845 2879 880 2926 η
918 2864 1018 2913 ΑΖ
1052 2860 1126 2928 F3
1166 2877 1305 2914 corr.
1347 2859 1640 2915 Torenjus.
1760 2866 1810 2915 4.
1851 2861 1985 2915 Post
2021 2864 2160 2914 MN
2191 2861 2414 2916 addunt

376 2931 461 2986 ed.
500 2929 669 2986 Basil.
709 2934 768 2986 et
804 2930 1107 2986 Torellius:
1146 2930 1277 2988 ποτὶ
1312 2933 1441 2985 ΝΟ.
1517 2927 1595 2995 ὥς
1630 2929 1696 2986 δὲ
1737 2927 1775 2985 ἁ
1814 2934 1951 2985 ΜΝ
1983 2931 2112 2986 ποτὶ
2141 2935 2206 2986 Ν
2213 2933 2265 2986 Ο
2299 2928 2408 3001 μά-

374 3021 492 3069 κει,
530 2995 711 3064 οὕτως
746 2997 784 3055 ἆ
823 3005 962 3055 ΜΝ
995 2997 1156 3070 (πρός
1194 3002 1277 3056 ed.
1315 3000 1532 3072 Basil.).
1699 3008 1782 3056 11.
1821 2999 2016 3073 τόμος]
2055 3002 2280 3072 scripsi3
2317 3022 2408 3057 το-

375 3091 513 3142 μευς
549 3073 611 3141 F,
649 3071 839 3142 uulgo.
984 3076 1091 3126 AB
1126 3071 1249 3127 FV.
1401 3079 1484 3127 13.
1525 3077 1558 3127 Ι
1565 3078 1612 3128 Ρ
1676 3076 1801 3127 ΝΤ
1833 3074 1901 3139 F;
1941 3089 2081 3128 corr.
2112 3073 2409 3128 Torellius,

379 3149 460 3198 14.
499 3143 599 3212 τῆς
634 3147 734 3196 ΑΖ
770 3141 1057 3197 Eutoeius.
1206 3150 1287 3198 17.
1327 3137 1423 3216 ὅν]
1463 3161 1572 3198 om.
1668 3167 1681 3212 3
1719 3160 1860 3200 corr.
1899 3143 2194 3199 Torellius.
2321 3151 2406 3200 19.

375 3219 426 3268 Δ
440 3213 527 3286 Η]
570 3216 696 3268 ΔΝ
727 3213 788 3267 F.
953 3219 1037 3267 21.
1077 3233 1180 3282 την
1217 3232 1590 3285 συγκειμενην
1628 3218 1830 3286 (comp.
1870 3217 1964 3285 ην)
2002 3215 2073 3284 F3
2124 3233 2262 3270 corr.
2298 3214 2408 3270 Το-

374 3285 585 3354 relliuS,
622 3287 687 3339 ut
722 3284 821 3339 lin.
850 3290 946 3352 233
986 3278 1230 3339 εὐθεῖαν
1267 3285 1430 3340 addit,
1453 3286 1739 3342 Eutociust.
1848 3293 1936 3342 22.
1975 3286 2078 3348 τᾶς
2107 3288 2414 3348 διπλασίας

375 3356 500 3428 τᾶς]
538 3375 637 3424 της
672 3376 771 3425 της
797 3355 920 3424 Fc;
956 3374 1057 3423 της
1091 3355 1290 3426 uulg03
1330 3359 1628 3421 διπλασίας
1665 3357 1791 3412 add.
1826 3357 1911 3412 ed.
1942 3356 2131 3425 Basil„
2172 3356 2269 3423 Or3
2306 3358 2408 3425 τῆς

375 3442 513 3482 corr.
549 3425 841 3482 TorelliuS.
961 3423 1129 3498 μετά]
1166 3429 1270 3482 καί
1301 3426 1587 3484 Eutocius.
1698 3434 1784 3484 24.
1823 3429 2145 3500 διπλασίας]
2184 3445 2293 3484 om.
2331 3429 2409 3495 Ἐς

379 3513 518 3553 corr.
559 3498 643 3553 ed.
680 3496 869 3565 Basil„
909 3498 995 3552 Cr.
