2659 3967
379 134 516 200 370
705 134 803 189 DE
841 134 951 205 IIS,
992 135 1188 201 QUAE
1227 134 1307 189 IN
1343 134 1637 191 HUMIDO
1674 136 2106 195 UEHUNTUR.

376 279 507 344 lem
576 279 914 364 aequalem
978 280 1108 365 ipsi
1161 280 1226 349 A
1291 282 1585 366 grauitas
1640 282 1725 347 B.
1826 282 2425 371 demonstrandum,

379 388 555 472 quod
593 386 975 473 magnitudo
1013 387 1080 453 A
1120 388 1191 453 in
1235 387 1505 456 humido
1553 388 1837 455 existens
1883 389 2157 456 habebit
2202 391 2422 477 graui—

377 498 586 560 tatem
645 495 982 580 aequalem
1037 495 1167 580 ipsi
1213 493 1293 561 G.
1386 494 1742 580 accipiatur
1798 496 1970 561 enim
2017 497 2237 583 aliqua
2285 498 2423 565 alia

377 600 780 687 magnitudO,
817 602 888 665 in
915 622 1044 685 qua
1070 599 1157 686 D,
1194 601 1404 667 leuior
1430 600 1695 669 humido
1724 602 1919 670 molis
1948 603 2239 688 aequalis
2270 626 2419 669 oum

303 716 338 766 5
375 707 538 792 ipsa.
614 707 703 771 sit
739 710 958 771 autem
995 706 1463 793 magnitudinis
1502 708 1778 793 quidem,
1815 708 1885 773 in
1922 731 2051 793 qua
2077 708 2165 795 D,
2202 712 2419 798 graui-

374 816 478 879 tas
517 813 806 898 aequalis
845 814 1158 899 grauitati
1185 813 1271 899 B,
1306 813 1559 880 humidi
1593 818 1810 880 autem
1838 815 2144 882 habentis
2173 818 2416 891 molem

373 921 715 1005 aequalem
772 919 1208 1005 magnitudini
1253 919 1325 985 D
1380 920 1675 1007 grauitas
1725 920 1816 985 sit
1860 920 2151 1005 aequalis
2199 926 2415 1009 graui-

355 1027 500 1091 tati
526 1025 687 1093 BG.
763 1026 1145 1112 compositis
1185 1030 1405 1094 autem
1442 1027 2020 1113 magnitudinibus,
2068 1028 2137 1093 in
2175 1031 2417 1113 quibus

751 1163 787 1171 -
897 1162 1023 1171 --
1122 1133 1205 1217 A,
1231 1132 1319 1218 D,
1358 1132 1737 1220 magnitudo
1770 1134 1963 1200 simul
1991 1137 2417 1223 utrarumque

784 1268 843 1323 B
1125 1239 1250 1325 erit
1300 1261 1504 1325 aeque
1551 1240 1773 1325 grauis
1817 1240 2103 1306 humido.
2196 1245 2414 1327 graui-

1121 1348 1224 1409 tas
1255 1346 1431 1411 enim
1459 1346 1984 1431 magnitudinum
2015 1348 2210 1429 simul
2240 1352 2417 1415 utra-

427 1392 436 1819 Ι
493 1432 550 1485 Α
749 1438 787 1449 ’“
923 1436 983 1491 D
1121 1474 1396 1537 rumque
1444 1455 1546 1517 est
1581 1454 1870 1538 aequalis
1908 1454 2223 1520 ambabus
2264 1477 2413 1543 gra-

789 1552 842 1611 Θ
1121 1558 1461 1643 nitatibus,
1491 1558 1737 1625 scilieet
1755 1558 1824 1628 B
1836 1558 1898 1625 G
1916 1563 1983 1624 et
2000 1560 2087 1645 B,
2116 1562 2413 1647 grauitas

265 1782 334 1832 15

265 1250 334 1300 10

1123 1772 1381 1855 qualem
1396 1773 1711 1838 ambabus
1729 1774 2290 1859 magnitudinibus
2310 1778 2411 1840 est

374 1877 667 1963 aequalis
715 1876 960 1942 eisdem
997 1878 1452 1963 grauitatibus.
1519 1877 1805 1945 dimissis
1843 1880 2048 1965 igitur
2084 1881 2407 1966 magnitu-

373 1984 635 2051 dinibus
693 1988 758 2051 et
802 1984 1110 2070 proiectis
1165 1984 1236 2051 in
1285 1985 1623 2051 humidum
1672 1990 2172 2072 aequerepentes
2220 1991 2409 2054 erunt

371 2091 640 2157 humido
689 2094 754 2155 et
797 2113 916 2157 nee
963 2090 1046 2156 ad
1092 2113 1347 2158 sursum
1392 2092 1681 2157 ferentur
1724 2114 1935 2178 neque
1980 2094 2060 2157 ad
2108 2093 2407 2159 deorsum

373 2198 583 2282 [prop.
595 2197 684 2281 3]‚
706 2198 1015 2280 quoniam
1043 2196 1423 2285 magnitudo
1444 2196 1721 2283 quidem,
1750 2198 1822 2262 in
1841 2221 1971 2283 qua
1987 2200 2070 2285 A,
2092 2201 2407 2267 exsistens

263 2314 334 2366 20
373 2302 640 2389 grauior
671 2302 941 2369 humido
970 2302 1212 2369 feretur
1241 2302 1323 2369 ad
1351 2304 1651 2370 deorsum
1680 2308 1745 2369 et
1773 2307 1961 2370 tanta
1989 2308 2056 2371 ui
2088 2330 2128 2372 a
2155 2308 2407 2393 magni-

369 2408 615 2493 tudine,
651 2408 721 2473 in
760 2430 888 2494 qua
914 2408 1002 2495 D,
1037 2404 1413 2476 retrahitur.
1477 2411 1859 2497 magnitudo
1898 2415 2134 2498 autem,
2170 2414 2240 2478 in
2280 2436 2407 2498 qua

371 2514 461 2601 D,
498 2516 808 2603 quoniam
839 2519 941 2602 est
980 2515 1187 2582 leuior
1212 2515 1503 2602 humido,
1540 2518 1906 2583 eleuabitur
1934 2540 2191 2585 sursum
2218 2522 2407 2585 tanta

371 2624 464 2707 ui,
525 2628 770 2709 quanta
827 2626 929 2689 est
975 2623 1270 2710 grauitas
1329 2622 1419 2708 63
1484 2623 2004 2691 demonstratum
2061 2630 2162 2692 est
2216 2627 2407 2712 enim,

373 2729 546 2816 quod
591 2729 1078 2816 magnitudines
1130 2729 1376 2798 solidae
1422 2730 1700 2797 leuiores
1746 2729 2012 2796 humido
2048 2731 2407 2817 impressae

265 2846 336 2897 25
373 2837 444 2903 in
499 2837 839 2904 humidum
893 2840 1082 2903 tanta
1136 2838 1205 2901 ui
1258 2836 1627 2903 referuntur
1682 2836 1764 2902 ad
1812 2859 2095 2923 sursum,
2160 2844 2408 2923 quanto

371 2941 711 3008 humidum
769 2963 1014 3027 aequae
1059 2944 1254 3008 molis
1302 2964 1447 3010 cum
1495 2944 1943 3031 magnitudine
1982 2946 2093 3008 est
2139 2944 2411 3030 grauius

370 3046 820 3133 magnitudine
877 3051 1088 3134 [prop.
1135 3050 1223 3131 6].
1315 3053 1418 3115 est
1482 3054 1701 3116 autem
1766 3049 2102 3115 humidum
2156 3034 2409 3117 babens

515 3282 564 3332 6.
605 3275 788 3345 „mole
846 3276 1118 3346 aequale“
1153 3277 1451 3343 ,Tartalea
1634 3284 1717 3333 14.
1764 3278 1929 3335 huius
1973 3276 2264 3351 habentis]
2303 3280 2407 3335 τοῦ

372 3344 616 3417 ἔχοντος.
778 3348 999 3418 „mole“
1047 3347 1327 3403 Tartadea.
1492 3355 1575 3405 18.
1615 3350 1958 3419 „ferrentur“
2005 3350 2295 3418 Tartalea,
2342 3354 2411 3405 ut

370 3419 469 3477 lin.
509 3424 595 3474 20.
781 3425 864 3477 19.
905 3418 1195 3493 quoniam]
1235 3420 1481 3477 debebat
1518 3438 1662 3477 esse:
1700 3422 1909 3490 itaque.
2092 3426 2178 3478 20.
2216 3422 2409 3494 tanta]

340 3513 348 3520 ·
371 3506 425 3547 κ
465 3490 771 3547 tantadem.

1120 1664 1372 1737 humidi
1424 1665 1619 1730 huius
1669 1666 1974 1732 habentis
2022 1667 2260 1732 molem
2310 1690 2411 1733 ae·
2518 1666 2530 1679 ⁹
