2659 3967
411 176 548 255 270
813 135 824 146 ο
1221 191 1655 246 armna-

333 340 376 406 5
412 331 727 421 ἀριθμῶν
795 336 1038 420 μυριάς
1107 332 1455 422 μυριάδας.
1544 331 1803 402 τούτων
1874 334 1950 403 δὲ
2018 334 2231 416 οὕτως’
2290 361 2444 402 κατ-

361 491 370 499 .
413 440 937 527 ωνομασμένων,
985 447 1054 506 εἴ
1091 465 1176 506 κα
1223 444 1418 508 ἕωντι
1454 437 1739 528 ἀριθμοὶ
1776 438 1907 511 άπὸ
1947 442 2243 529 μονάδος
2278 441 2443 510 ἀνά-

411 553 622 632 λογον
665 546 818 632 ἑξῆς
861 547 1176 633 κειμένοι,
1225 542 1262 615 6
1312 545 1389 614 δὲ
1432 545 1609 634 παρὰ
1654 546 1780 616 τὰν
1825 547 2095 635 μονάδα
2140 546 2336 629 δεκὰς
2370 540 2443 638 ᾖ,

413 651 586 720 ὀκτὼ
632 651 756 738 μὲν
802 650 1031 721 αὐτῶν
1075 655 1148 720 οἱ
1187 655 1437 742 πρῶτοι
1482 651 1611 722 σὺν
1654 658 1737 744 τᾷ
1783 655 2034 741 μονάδι
2079 661 2217 724 τῶν
2262 655 2445 744 πρῶ-

339 776 370 825 5
409 785 546 828 των
601 757 918 848 ἀριθμῶν
971 763 1407 847 καλουμένων
1450 761 1836 849 ἑσσοῦνται,
1894 766 1964 831 οἱ
2008 763 2083 832 δὲ
2128 761 2267 851 μετ’
2318 761 2445 830 αὕ-

409 864 568 946 τούς
625 864 819 934 ἄλλοι
874 863 1047 935 όκτῶ
1102 870 1239 935 τῶν
1297 870 1625 956 δευτέρων
1678 873 2143 958 καλουμένων,
2173 871 2314 938 καὶ
2372 873 2448 938 οί

409 971 606 1041 ἄλλοι
649 972 772 1041 τὸν
819 971 1030 1042 αὐτὸν
1076 973 1332 1063 τρόπον
1376 973 1635 1054 τούτοις
1677 981 1813 1045 τῶν
1855 977 2281 1064 συνωνύμων
2324 1003 2445 1044 κα-

409 1080 758 1164 λουμένων
823 1077 1180 1147 ἐσσούνται
1243 1084 1325 1170 τᾷ
1380 1079 1737 1150 ἀποστάσει
1785 1087 1905 1163 τᾶς
1962 1081 2246 1162 ὀκτάδος
2295 1087 2443 1152 τῶν

410 1181 726 1271 ἀριθμῶν
773 1183 905 1253 ἀπὸ
953 1189 1069 1266 τᾶς
1114 1185 1379 1276 πρώτας
1422 1183 1705 1268 ὀκτάδος
1739 1191 1877 1256 τῶν
1912 1188 2245 1277 ἀριθμῶν.
2317 1194 2445 1271 τᾶς

306 1307 372 1356 10
411 1289 534 1376 μὲν
581 1282 710 1358 οὖν
748 1290 1013 1378 πρώτας
1050 1289 1332 1373 ὀκτάδος
1366 1296 1502 1361 τῶν
1540 1289 1855 1383 ἀριθμῶν
1894 1293 1929 1363 6
1971 1294 2215 1382 ὄγδοός
2252 1299 2441 1364 ἐστιν

407 1394 704 1485 ἀριθμὸς
757 1403 963 1484 χιλίαι
1017 1398 1365 1488 μυριάδες,
1416 1403 1534 1479 τᾶς
1589 1398 1665 1468 δὲ·
1710 1403 2023 1490 δευτέρας
2066 1399 2345 1482 ὀκτάδος
2396 1399 2439 1469 6

405 1507 698 1592 πρῶτος,
757 1503 896 1572 ἐπεὶ
941 1509 1399 1574 δεκαπλασίων
1446 1505 1628 1573 ἐστὶν
1673 1510 1796 1574 τοῦ
1841 1506 1972 1596 πρὸ
2022 1505 2263 1594 αὐτοῦ,
2310 1535 2439 1594 μυ-

333 1635 338 1640 ·
406 1615 549 1697 ρίαι
595 1609 916 1699 μυριάδες
961 1613 1264 1679 ἐσσείται.
1331 1602 1530 1692 οὗτος
1577 1613 1657 1680 δέ
1689 1615 1827 1680 ἐστι
1864 1612 2075 1700 μονὰς
2108 1619 2245 1682 τῶν
2283 1618 2441 1682 δευ-

403 1717 618 1804 τέρων
673 1713 1009 1804 ἀριθμῶν.
1073 1715 1163 1785 ·ὁ.
1195 1717 1270 1785 δὲ
1303 1715 1565 1803 -ὅγδοος
1617 1723 1736 1798 τᾶς
1790 1719 2101 1808 δευτέρας
2146 1718 2441 1800 ὀκτάδος

299 1839 363 1888 15
405 1822 544 1890 ἐστὶ
597 1827 805 1909 χιλίαι
863 1823 1183 1913 μυριάδες
1231 1827 1365 1892 τῶν
1422 1825 1757 1912 δευτέρων
1802 1821 2135 1912 ἀριθμῶν.
2224 1825 2436 1896 πάλιν

404 1927 481 1996 δὲ
533 1929 646 1995 καὶ.
700 1931 821 2024 τᾶς
871 1935 1097 2016 τρίτας
1150 1925 1427 2009 ὀκτάδος
1482 1925 1519 1998 6
1568 1934 1857 2019 πρῶτος,
1920 1932 2060 1998 ἐπεὶ
2106 1937 2435 2000 δεκαπλα-

403 2037 572 2102 σίων
631 2034 771 2102 ἐστὶ
824 2038 948 2102 τοῦ
1003 2034 1132 2125 πρὸ
1159 2123 1166 2130 .
1189 2033 1395 2103 αὐτοῦ
1408 2088 1427 2121 ,
1488 2041 1719 2124 μυρίαι
1776 2037 2098 2126 μυριάδες
2142 2040 2434 2107 ἐσσείται

401 2143 540 2208 τῶν
597 2141 930 2229 δευτέρων
985 2141 1311 2233 ἀριθμῶν.
1406 2133 1605 2222 οὗτος
1659 2144 1738 2211 δέ
1788 2146 1971 2212 ἐστιν
2025 2143 2239 2232 μονὰς
2289 2149 2433 2214 τῶν

401 2250 643 2334 τρίτων
719 2245 1055 2334 ἀριθμῶν.
1151 2246 1451 2336 φανερὸν
1525 2249 1631 2335 δέ,
1706 2247 1811 2318 ὅτι
1872 2250 1987 2318 καὶ
2053 2247 2433 2320 ὃποσαιοῦν

292 2328 362 2453 29)
401 2351 674 2433 ὀκτάδες
730 2355 1024 2441 ἕξοῦντι,
1089 2352 1180 2434 ὥς
1234 2353 1509 2442 εἰρήται.
1600 2355 1931 2445 χρήσιμον
1990 2358 2072 2424 δέ
2122 2359 2260 2425 ἐστι
2314 2360 2432 2426 καὶ

398 2458 557 2528 τόδε
599 2461 1164 2548 γιγνωσκόμενον.
1233 2463 1296 2528 εἰ
1329 2486 1416 2527 κα
1454 2458 1769 2551 ἀριθμῶν
1806 2459 1941 2530 ἀπὸ
1977 2466 2095 2544 τᾶς
2131 2466 2435 2550 μονάδος

399 2565 740 2654 ἀνάλογον
768 2567 1018 2636 ἐόντων
1045 2566 1709 2649 πολλαπλασιάζωντί
1730 2593 1907 2647 τινες
1934 2565 2269 2649 ἀλλάλους
2286 2574 2431 2638 τῶν

399 2676 471 2741 ἐκ
512 2677 632 2754 τᾶς
677 2672 884 2756 αὐτᾶς
929 2673 1308 2760 ἀναλογίας,
1359 2671 1395 2741 6
1442 2673 1807 2760 γενόμενος
1852 2671 2101 2761 ὁμοίως
2138 2678 2429 2744 ἐσσείται

399 2782 472 2848 ἐκ
513 2785 630 2861 τᾶς
676 2779 885 2862 αὐτοῖς
929 2779 1284 2867 ἀναλογίας
1329 2777 1593 2867 ἀπέχων
1630 2779 1763 2849 ἀπὸ
1804 2781 1927 2868 μὲν
1963 2787 2086 2850 τοῦ
2124 2787 2431 2869 μείζονος

291 2901 358 2952 25
395 2890 532 2956 τῶν
591 2885 1307 2970 πολλαπλασιαξάντων
1364 2884 1725 2973 άλλάλους,
1787 2884 1993 2966 ὅσους
2048 2884 2085 2956 6
2133 2887 2428 2957 ἐλάττων

395 2997 534 3062 τῶν
569 2993 1288 3076 πολλαπλασιαξάντων
1315 2989 1449 3060 ἀπὸ
1478 2992 1774 3079 μονάδος
1802 2991 2145 3078 ἀνάλογον
2174 2990 2426 3081 ἀπέχει,

539 3195 586 3244 1.
627 3209 827 3260 μυριαι
859 3190 1126 3278 μυριάδες
1159 3189 1230 3254 Ἐς
1269 3186 2325 3260 οοττ.ᾞα111ε.κατονομασμενων
2361 3188 2427 3258 F,

396 3261 480 3314 ed.
519 3259 690 3315 Basss.
811 3267 857 3317 4.
899 3259 1026 3330 μένΙ
1067 3259 1288 3329 scripsi,
1327 3278 1445 3314 ειεν
1481 3259 1543 3328 F,
1580 3261 1779 3332 uulgo3
1819 3276 1927 3314 om.
1966 3259 2188 3329 Wallis,
2225 3259 2425 3315 Torel-

393 3330 519 3386 lius.
613 3338 662 3386 6.
721 3337 936 3400 καὶονμ
937 3348 1058 3386 ενοι
1092 3331 1162 3396 F,
1201 3347 1342 3386 corr.
1380 3302 1600 3386 Wall’ia.
1728 3337 1777 3386 8.
1816 3332 1911 3406 τᾷ]
1950 3331 2168 3400 addidi3
2207 3347 2314 3387 om.
2356 3330 2424 3398 F,

391 3403 581 3472 uulg0.
765 3409 810 3457 9.
846 3401 978 3474 τᾶς]
1035 3401 1180 3526 gat.)
1226 3396 1264 3456 ἃ
1311 3401 1383 3469 F,
1440 3419 1579 3458 corr.
1626 3403 1689 3459 B.
1873 3407 1955 3456 19.
1994 3396 2108 3473 ὅτι]
2154 3373 2275 3458 ἔστι
2319 3418 2425 3485 per

394 3489 557 3542 comp
619 3472 692 3540 Ἐς
741 3489 875 3528 corr.
915 3473 1000 3528 ed.
1087 3471 1238 3541 asilq
1293 3443 1515 3527 ἔστὶν”’
1482 3493 1571 3528 οτι
1606 3473 1668 3527 Β.
1814 3467 2152 3544 ὁποσαιοῦν]
2193 3472 2419 3543 scripsi3

392 3547 592 3598 πολιαι
626 3542 688 3613 F,
725 3545 915 3613 uulgo.
1049 3549 1133 3598 21.
1173 3563 1271 3612 της
1306 3559 1411 3613 per
1446 3560 1627 3612 comp.
1664 3543 1733 3613 F3
1773 3559 1911 3598 corr.
1950 3543 2017 3598 V.
2155 3549 2241 3598 22.
2282 3561 2422 3598 emr—
