2659 3967
433 169 562 233 266
1239 164 1654 216 armna.

429 311 698 396 τιθέμαι
764 307 840 378 δὲ
900 311 1100 377 τοῦτο
1167 305 1687 391 ἐπισκεψάμενος
1748 305 1949 374 τόνδε
2002 303 2125 374 τὸν
2178 305 2459 393 τρόπον·

432 419 663 486 ἐτέθεν
701 415 806 484 ἐπὶ
842 413 1102 484 κανόνα
1137 422 1324 484 λεῖον
1362 412 1662 500 μακῶνες
1698 411 1799 481 ἐπ’
1842 411 2115 493 εὐθείας
2152 413 2256 482 ἐπὶ
2293 419 2456 499 μίαν

429 524 726 610 κειμέναι
771 520 1139 608 ἁπτομέναι
1183 519 1506 605 ἀλλαλᾶν,
1550 520 1663 588 καὶ
1708 517 2046 606 ἀνελάβον
2092 523 2167 586 αἱ
2197 519 2297 588 κε’
2334 547 2457 606 μα-

430 630 640 710 κῶνες
674 630 924 699 πλέονα
960 630 1170 698 τόπον
1207 632 1640 697 δακτυλιαίου
1667 627 1926 714 μάκεος.
1974 626 2295 696 ἐλάττονα
2324 620 2457 695 οὖν

362 761 394 810 5
429 737 643 817 τιθεὶς
686 735 812 805 τὰν
861 736 1222 824 διάμετρον
1265 738 1386 830 τᾶς
1428 733 1739 821 μάκωνος
1782 731 2185 820 ὖποτιθέμαι
2230 731 2321 814 ῶς
2356 759 2460 802 τε-

429 843 1012 933 τρωκοστομόριον
1052 839 1234 929 εἶμεν
1273 839 1604 910 δακτύλου
1640 840 1752 908 καὶ
1788 840 1877 929 μὴ
1920 840 2258 926 ἐλάττονα,
2297 847 2461 927 βου-

431 947 714 1036 λόμενος
763 949 876 1016 καὶ
932 947 1045 1017 διὰ
1097 947 1362 1027 τούτων
1407 943 2009 1035 ἀναμφιλογώτατα
2054 947 2459 1018 δεικνύσθαι

430 1055 507 1124 τὸ
555 1061 1012 1143 προκείμενον.

358 1177 391 1240 1
565 1165 680 1230 III.
727 1157 809 1230 “A
854 1160 976 1248 μὲν
1023 1154 1152 1230 οὖν
1195 1159 1628 1249 ὑποτιθέμαι,
1682 1166 1910 1230 ταῦτα.
2002 1161 2331 1250 χρήσιμον
2380 1165 2427 1228 δ
2428 1160 2461 1229 ὲ

327 1291 395 1343 10
433 1268 615 1357 εἶμεν
661 1266 1115 1356 ὑπολαμβάνω
1161 1267 1287 1336 τάν
1331 1267 1775 1355 κατονόμαξιν
1809 1273 1948 1338 τῶν
1985 1266 2301 1358 ἀριθμῶν
2341 1271 2461 1354 ῥη-

431 1377 685 1465 θήμεν,
741 1375 921 1458 ὅπως
970 1377 1082 1444 καὶ
1136 1380 1272 1445 τῶν
1323 1374 1545 1444 ἄλλων
1603 1381 1673 1447 οἱ
1713 1379 1807 1471 τῷ
1851 1381 2091 1468 βιβλίῳ
2137 1373 2227 1463 μὴ
2274 1396 2460 1462 περι-

427 1483 802 1573 τετευχότες
858 1489 951 1578 τῷ
1013 1484 1164 1553 ποτὶ
1219 1483 1593 1564 Ζεύξιππον
1650 1489 2085 1578 γεγραμμένῳ
2146 1486 2235 1574 μὴ
2292 1497 2461 1557 πλα-

429 1591 682 1660 νῶνται
738 1589 850 1659 διὰ
907 1589 984 1658 τὸ
1040 1590 1251 1679 μηδὲν
1302 1587 1484 1676 εἶμεν
1539 1588 1706 1680 ὑπὲρ
1764 1590 1969 1672 αὐτᾶς
2023 1595 2097 1661 ἐν
2140 1599 2313 1687 τῷδε
2359 1600 2459 1687 τῷ

350 1707 392 1770 2
429 1704 668 1790 βιβλίῳ
721 1699 1226 1786 προειρημένον.
1312 1701 1667 1783 συμβαίνει
1712 1696 1797 1784 δὴ
1844 1695 1925 1765 τὰ
1971 1695 2271 1785 ὀνόματα
2314 1705 2460 1770 τῶν

325 1824 392 1873 15
429 1803 746 1893 ἀριθμῶν
794 1808 860 1884 ἐς
903 1803 980 1873 τὸ
1027 1804 1150 1890 μὲν
1193 1809 1326 1873 τῶν
1373 1809 1633 1892 μυρίων
1680 1801 2005 1891 ὑπάρχειν
2041 1802 2204 1892 ἁμῖν
2241 1829 2459 1895 παρα-

429 1915 781 2000 δεδομένα,
827 1910 939 1977 καὶ
983 1906 1153 1998 ὑπὲρ
1186 1908 1264 1976 τὸ
1295 1912 1433 1976 τῶν
1470 1915 1732 1997 μυρίων
1771 1908 1946 1997 [μὲν]
1988 1908 2462 1999 ἀποχρεόντως

429 2017 958 2105 ἐγγιγνῶσκομες
1012 2016 1358 2105 μυριάδων
1404 2011 1707 2103 ἀριθμὸν
1751 2016 2060 2102 λεγόντες
2105 2023 2249 2086 ἔστε
2296 2021 2457 2087 ποτὶ

426 2123 544 2202 τὰς
606 2129 847 2212 μυρίας
909 2121 1249 2217 μυριάδας.
1342 2126 1551 2188 ἔστων
1616 2114 1744 2190 οὖν
1798 2119 1961 2209 ἁμῖν
2018 2126 2091 2192 οί
2137 2124 2265 2211 μὲν
2319 2130 2461 2195 νῦν

428 2231 768 2316 εἰρημένοι
839 2227 1122 2318 ἀριθμοὶ
1192 2230 1255 2308 ἐς
1325 2225 1443 2308 τὰς
1505 2234 1747 2316 μυρίας
1808 2229 2139 2317 μυριάδας
2199 2231 2460 2321 πρῶτοι

323 2355 391 2404 20
427 2335 849 2422 καλουμένοι.
936 2341 1073 2406 τῶν
1128 2335 1199 2404 δὲ
1250 2333 1537 2423 πρῶτων
1582 2334 1897 2422 ἀριθμῶν
1942 2339 2018 2402 αἱ
2056 2342 2293 2425 μυρίαι
2338 2365 2459 2424 μυ-

428 2442 656 2532 ριάδες
701 2441 912 2530 μονὰς
956 2448 1286 2518 καλείσθω
1335 2443 1667 2530 δευτέρων
1714 2440 2051 2530 ἀριθμῶν,
2098 2443 2210 2510 καὶ
2257 2441 2456 2532 ἀριθ-

427 2555 730 2636 μείσθων
783 2555 920 2620 τῶν
975 2547 1300 2637 δευτέρων
1346 2547 1636 2636 μονάδες
1678 2549 1792 2617 καὶ
1838 2551 1909 2618 ἐκ
1952 2554 2082 2618 τᾶν
2129 2548 2458 2637 μονάδων

427 2657 703 2738 δεκάδες
745 2657 858 2724 καὶ
904 2655 1333 2736 ἑκατοντάδες
1376 2656 1488 2724 καὶ
1534 2655 1830 2744 χιλιάδες
1872 2657 1985 2724 καὶ
2028 2656 2350 2746 μυριάδες
2388 2660 2458 2738 ἐς

423 2762 544 2846 τὰς
598 2771 839 2852 μυρίας
892 2764 1232 2853 μυριάδας.
1321 2763 1528 2832 πάλιν
1585 2761 1661 2832 δὲ
1706 2763 1819 2830 καὶ
1865 2765 1940 2831 αἱ
1980 2769 2213 2864 μυρίαι
2260 2789 2455 2848 μυρι-

571 2966 620 3014 3.
659 2963 909 3016 anaim
941 2959 1007 3024 F3
1046 2975 1182 3014 oorr.
1223 2958 1282 3012 C.
1410 2963 1461 3013 4.
1499 2960 1733 3012 δακτυλι
1771 2954 1837 3011 αἰ
1870 2958 1930 3012 Ἐ.
2058 2949 2187 3028 οὖν]
2226 2955 2453 3024 addidi3

427 3048 538 3085 om.
574 3031 637 3096 F,
673 3031 858 3100 uulgo.
973 2999 1020 3082 ⁷⁹.
1057 3023 1600 3099 ἀναμφιλογώτατα]
1638 3027 1861 3097 scripsi3
1901 3032 2450 3115 αναμφιλογωτατον

424 3101 496 3168 Ἐς
532 3071 748 3186 uufgo.
841 3105 915 3154 10.
954 3101 1134 3168 αρυθμ
1169 3116 1297 3154 eum
1336 3116 1515 3169 comp.
1555 3118 1623 3154 ov
1659 3099 1719 3154 F.
1841 3104 1925 3154 11.
1962 3117 2257 3168 περιτετευ
2294 3094 2448 3170 ότες]

423 3165 748 3241 περιτευατ’
793 3166 850 3231 ἐς
880 3168 948 3234 Ἐς
987 3185 1120 3224 corr.
1159 3169 1347 3226 Nizze.
1494 3175 1579 3224 12.
1617 3170 1721 3240 τῷ]
1761 3189 1825 3224 το
1862 3170 1933 3238 Ἐς
1974 3187 2110 3225 cort.
2148 3170 2374 3224 walis,

429 3247 512 3296 14.
548 3258 966 3310 προειρημενων
1000 3238 1067 3307 F,
1106 3256 1246 3295 oorr.
1284 3240 1561 3296 Riualtun.
1675 3245 1759 3295 15.
1787 3237 1877 3312 τό]
1914 3261 1985 3296 τα
2012 3241 2083 3309 Ἐς
2120 3257 2260 3297 oon.
2288 3240 2451 3295 Wal-

421 3311 509 3366 lis.
657 3309 786 3383 μέν]
823 3311 1176 3396 corruptum?
1342 3319 1426 3367 16.
1462 3307 1568 3398 τό]
1600 3311 1819 3399 addidi3
1868 3329 1975 3368 om.
2014 3313 2077 3378 F,
2116 3313 2303 3382 uulgo.

423 3380 556 3453 μέν]
594 3382 773 3439 deleo.
884 3375 1031 3450 ὑπὲρ
1067 3382 1180 3436 τῶν
1219 3380 1495 3451 μειζόνων
1532 3377 1931 3452 ἀποχρώντως
1966 3383 2233 3440 Grex-ttius.
2364 3390 2447 3440 17.

425 3448 888 3524 ἐγγιγνῶσκορες]
947 3452 1166 3522 scripsi3
1225 3470 1639 3534 εγιγνωσκομεν
1686 3453 1754 3521 F,
1809 3455 2008 3526 uulgo3
2064 3450 2449 3524 γιγνώσκομες

424 3521 695 3580 Gertzius.
820 3521 942 3578 ἕστε
979 3523 1138 3594 ποτί]
1178 3521 1405 3592 scripsi,
1442 3541 1501 3586 ες
1536 3543 1653 3587 τοις
1688 3545 1817 3580 ποτι
1852 3527 1915 3593 Ἐ,
1951 3526 2152 3596 uulgo3
2194 3521 2253 3588 ἐς
2287 3523 2450 3580 Wal-
