2659 3967
1041 170 1476 227 ARENARIUS.
2138 172 2270 238 285

99 364 145 392 -,
242 318 664 384 manifestum
704 319 805 380 est
838 315 1059 400 igitur,
1102 335 1443 382 numerum
1482 338 1715 382 arenae
1757 317 2272 402 magnitudinem

243 425 547 490 habentis
603 423 955 506 aequalem,
992 421 1305 505 sphaerae
1359 423 1748 490 diametrum
1801 424 2073 490 habenti
2127 446 2272 490 een-

244 536 387 597 tum
436 529 763 615 myriades
808 529 1166 595 stadiorum
1212 528 1480 613 longam
1525 530 1841 596 minorem
1888 551 2030 595 ense
2077 553 2272 615 quam

244 639 424 704 mille
470 636 791 722 myriades
838 635 1211 719 quintorum
1246 622 1678 702 numerorum.
1743 637 2020 722 sphaera
2056 641 2272 702 autem
2309 640 2350 702 9

247 745 635 810 diametrum
703 742 952 806 habens
1026 741 1248 806 decem
1318 741 1527 806 millia
1598 743 1964 827 myriadum
2028 743 2274 809 stadio-

247 873 391 916 rum
446 851 715 933 longam
770 851 1027 912 eentum
1082 848 1480 931 myriadibus
1537 849 1876 933 multiplex
1931 854 2032 915 est
2077 873 2272 935 quam

254 957 533 1042 sphaera
570 955 953 1020 diametrum
989 954 1234 1020 habens
1271 957 1530 1020 eentum
1565 955 1885 1040 myriades
1914 955 2276 1021 stadiorum

250 1065 536 1147 longam.
628 1062 686 1126 si
745 1061 949 1145 igitur
1009 1082 1087 1125 ex
1146 1082 1343 1126 arena
1400 1064 1582 1126 tanta
1641 1061 1920 1146 sphaera
1972 1059 2277 1146 efficitur,

254 1173 497 1255 quanta
560 1170 662 1232 est
714 1167 995 1250 sphaera
1049 1166 1434 1232 diametrum
1488 1167 1736 1234 habens
1792 1167 2012 1234 decem
2065 1169 2275 1234 millia

254 1276 619 1361 myriadum
666 1274 1029 1340 stadiorum
1071 1274 1364 1359 longam,
1417 1275 1834 1340 manifestum
1883 1280 2010 1359 est,
2055 1297 2275 1342 nume·

253 1405 402 1448 rum
460 1403 691 1448 arenae
736 1380 1055 1446 minorem
1100 1380 1242 1446 fore
1286 1402 1553 1446 numero
1601 1382 2050 1466 multiplicatis
2098 1383 2275 1447 mille

252 1488 659 1573 myriadibus
717 1487 1094 1570 quintorum
1146 1508 1563 1552 numerorum
1617 1490 1685 1551 et
1729 1491 1988 1553 centum
2035 1489 2277 1572 myria-

254 1596 445 1662 dibus
492 1598 654 1660 orto.
721 1593 1027 1677 quoniam
1072 1595 1293 1659 autem
1328 1593 1504 1657 mille
1543 1593 1865 1677 myriades
1903 1595 2278 1676 quintorum

255 1723 674 1767 numerorum
722 1699 1259 1786 quadragesimus
1305 1699 1388 1764 ab
1437 1699 1686 1764 unitate
1728 1721 2036 1766 numerus
2075 1705 2175 1766 est
2207 1702 2278 1766 in

256 1807 708 1892 proportione,
754 1809 821 1870 et
868 1809 1123 1872 eentum
1170 1806 1492 1889 myriades
1539 1807 1852 1890 septimus
1897 1807 1980 1872 ab
2026 1807 2279 1872 unitate

258 1914 328 1980 in
384 1913 607 1978 eadem
652 1913 1100 1997 proportione,
1156 1912 1453 1998 adparet,
1506 1911 1890 1995 productum
1937 1913 2077 1978 fore
2125 1935 2278 1998 qua-

256 2021 695 2105 dragesimum
756 2023 1010 2113 sextum
1065 2019 1147 2083 ab
1204 2003 1470 2084 unitate.
1560 2018 1798 2084 horum
1851 2023 2070 2084 autem
2124 2042 2279 2104 qua-

258 2127 561 2212 draginta
598 2149 711 2194 sex
745 2127 943 2212 primi
980 2129 1127 2190 octo
1167 2147 1315 2191 eum
1352 2125 1601 2190 unitate
1637 2125 1685 2188 ii
1724 2129 1891 2210 sunt,
1939 2127 2049 2210 qui
2086 2127 2282 2211 primi

255 2237 605 2317 uocantur,
659 2237 805 2298 octo
855 2236 1193 2316 sequentes
1240 2232 1323 2314 ii,
1370 2232 1480 2316 qui
1526 2231 1816 2316 secundi,
1867 2236 2013 2298 octo
2047 2237 2282 2302 „autem

256 2339 487 2405 deinde
534 2342 879 2424 sequentes
924 2339 1002 2422 ii,
1048 2339 1160 2423 qui
1204 2339 1401 2421 tertii,
1447 2343 1592 2404 octo
1641 2341 1859 2404 autem
1905 2340 2136 2405 tertios
2183 2362 2284 2405 se-

259 2448 527 2529 quentes
572 2447 619 2510 ii
632 2497 654 2530 ‚,
709 2447 821 2531 qui
868 2445 1112 2530 quarti,
1160 2447 1309 2512 oeto
1359 2447 1576 2508 autem
1624 2448 1889 2529 quartos
1938 2449 2282 2530 sequentes

262 2552 328 2636 ii,
374 2551 485 2636 qui
534 2552 746 2637 quinti
792 2555 1128 2635 uocantur,
1177 2573 1289 2614 sex
1337 2554 1552 2616 autem
1597 2551 1830 2634 reliqui
1877 2551 2074 2616 exiis
2113 2554 2284 2635 sunt,

260 2658 372 2742 qui
425 2657 590 2722 sexti
636 2660 977 2740 uocantur,
1036 2660 1102 2721 et
1147 2656 1420 2720 ultimus
1467 2677 1689 2720 eorum
1734 2658 1835 2719 est
1879 2655 2102 2720 decem
2145 2678 2284 2740 my-

261 2763 472 2828 riades
528 2766 861 2828 sextorum
914 2783 1349 2832 numerorum.
1441 2761 1858 2826 manifestum
1913 2765 2014 2826 est
2066 2762 2285 2846 igitur,

261 2889 600 2934 numerum
678 2890 911 2937 arenae
984 2867 1503 2952 magnitudinem
1575 2868 1874 2934 habentis
1949 2869 2286 2953 aequalem

265 3185 532 3237 μυριασιν
568 3164 627 3234 F,
666 3167 854 3237 uulgo,
1008 3172 1093 3221 14.
1130 3185 1496 3235 τετρακοστος
1529 3167 1592 3234 F,
1630 3168 1820 3238 uulgO,
1856 3171 1923 3223 ut
1956 3169 2054 3225 lin.
2097 3176 2178 3224 17.

268 3244 353 3293 1'1.
400 3235 648 3294 ἔσσείται
703 3233 767 3292 ἔτι
821 3237 925 3299 τᾶς
969 3233 1146 3300 αὐτᾶς
1191 3233 1500 3307 ἀναλογίας
1546 3236 1705 3302 ἕκτος
1753 3238 2018 3296 Gertzius.
2203 3246 2287 3295 18.

268 3303 411 3364 ὀκτώ
452 3306 580 3378 μέν]
619 3327 778 3379 ειμεν
814 3308 886 3376 Ἐς
924 3324 1062 3364 corr.
1099 3307 1326 3377 Wallis3
1367 3307 1427 3364 οἷ
1459 3307 1564 3379 μὲν
1602 3305 1750 3364 ὀκτώ
1789 3311 1850 3366 Β.
2022 3316 2108 3364 21.
2149 3329 2289 3380 μετα

268 3398 398 3442 τους
435 3379 505 3448 F3
545 3396 684 3435 corr.
724 3377 765 3434 C
779 3378 845 3434 V.
1009 3385 1094 3435 23.
1136 3377 1222 3452 ἕξ]
1262 3397 1369 3436 om.
1407 3379 1478 3448 F3
1516 3396 1656 3436 corr.
1692 3380 1913 3436 wallis,
2059 3379 2152 3435 245
2184 3401 2290 3435 αυτ

270 3465 396 3504 oum
434 3466 557 3574 ovqsm
600 3493 618 3533 ·.
653 3469 714 3514 ος
740 3450 813 3519 F3
854 3467 992 3507 corr.
1019 3451 1081 3504 Β.
1192 3455 1277 3506 25.
1316 3453 1626 3522 μοιριαὸων
1653 3453 1723 3519 F3
1763 3455 2052 3522 μυριαὸων
2089 3452 2287 3522 uulg03

270 3537 407 3577 corr.
522 3539 555 3576 a
622 3541 663 3576 s.
887 3535 895 3549 ·
1567 3554 1572 3560 -
