2659 3967
412 169 545 234 464
1188 165 1666 224 FRAGMENTA.

328 312 371 379 5
540 314 787 381 Eadem
850 312 987 381 fere
1046 314 1249 380 habet
1312 314 1586 380 Ptoclus
1650 314 1721 378 in
1775 311 2116 381 Timaeum
2169 336 2232 399 Ρ.
2290 313 2458 381 384:

410 422 738 487 τοσοῦτον
768 417 877 487 δὲ.
909 416 1089 504 ὅμως
1134 417 1552 506 ἱστορητέον,
1601 414 1704 485 ὅτι
1749 421 1886 485 τῶν
1923 417 2348 507 ἰσοπλεύρων
2383 443 2458 485 τε

410 525 521 593 καὶ
570 527 951 611 ἰσογωνίων
996 522 1110 591 καὶ
1158 530 1315 609 ἴσην
1361 527 1757 611 περίμετρον
1805 522 2097 611 ἐχόντων
2133 522 2210 591 τὸ
2247 530 2459 593 πολυ-

410 631 795 720 φωνότερον
835 636 1061 717 μεῖζον
1096 626 1568 719 ἀποδείξαντες
1603 632 1872 719 πρῶτον
1907 630 2020 697 καὶ
2043 627 2174 699 τὸν
2197 629 2458 698 κύκλον

414 739 563 825 ἑξῆς
608 743 881 825 μείζονα
928 735 1013 806 οὐ
1056 740 1194 807 τῶν
1242 736 1666 827 ἰσοπλεύρων
1710 736 1823 804 καὶ
1870 740 2272 823 ἰσογωνίων,
2321 740 2462 805 ἰσο-

339 837 347 840 ”
414 846 828 933 περιμέτρων
884 845 991 931 δέ,
1048 847 1353 913 δεικνῦσι
1407 843 1520 913 καὶ
1573 841 1697 931 τὴν
1732 855 2054 933 ,σφαῖραν
2105 847 2244 912 τῶν
2297 850 2458 929 ἴσην

416 950 815 1037 ἐπιφάνειαν
870 950 1168 1038 ἑχόντων
1224 953 1516 1039 στερεῶν
1562 948 1892 1037 σωμάτων
1939 950 2278 1037 ἑπομένως
2323 954 2461 1037 μεί-

418 1062 578 1137 ζονα
628 1057 743 1125 καὶ
790 1057 1253 1147 διαφερόντως
1295 1061 1434 1127 τῶν
1480 1055 1660 1147 παρὰ
1708 1056 2030 1127 Πλάτωνι
2076 1056 2459 1144 λεγομένων

416 1163 810 1252 πολυέδρων
867 1162 1289 1252 ἰσοπλεύρων
1345 1164 1458 1231 καὶ
1511 1167 1927 1250 ἰσογωνίων,
1983 1161 2064 1232 τὰ
2121 1163 2244 1251 μὲν
2289 1162 2460 1252 χριό-

417 1293 609 1356 μενοι
664 1282 805 1349 τοῖς
858 1268 1037 1358 παρὰ
1084 1272 1177 1363 τῷ
1226 1268 1560 1359 Εὐκλείδῃ
1619 1274 1979 1357 δειχθεῖσι,
2023 1268 2114 1338 τὰ
2163 1269 2249 1339 δὲ
2291 1295 2377 1339 το
2392 1282 2462 1351 ἴς

415 1374 622 1463 παρὰ
669 1379 770 1467 τῷ
813 1371 1287 1465 Ἀρχιμήδει.

552 1485 692 1551 fieri
742 1490 966 1551 tamen
1012 1488 1248 1570 potest,
1295 1489 1370 1549 ut
1415 1485 1518 1551 his
1567 1486 1818 1552 duobus
1857 1486 2018 1552 locis
2047 1481 2286 1573 (4-5)
2321 1489 2462 1551 tan·

418 1596 561 1657 tum
624 1590 707 1656 ad
762 1589 1232 1656 dimensionem
1290 1590 1515 1656 circuli
1572 1594 1639 1655 et
1690 1591 1933 1657 librum
1978 1591 2012 1656 I
2060 1590 2138 1656 de
2185 1592 2465 1676 sphaera

421 1702 487 1764 et
533 1696 827 1783 cylindro
873 1696 1241 1781 respicitur.

528 1943 942 2031 Appendix
972 1946 1175 2011 ‘libri
1221 1946 1287 2012 H
1335 1946 1422 2011 de
1470 1946 1801 2031 sphaera
1849 1950 1925 2011 et
1969 1944 2343 2031 cylindro,

344 2098 385 2161 6
556 2087 976 2155 Archimedes
1024 2088 1153 2153 uol.
1189 2088 1223 2153 I
1268 2111 1330 2173 p.
1369 2088 1521 2173 214,
1565 2088 1644 2153 de
1690 2086 1832 2172 sph.
1879 2090 1946 2153 et
1991 2086 2111 2171 cyl.
2147 2084 2234 2169 Π,
2269 2085 2314 2149 4
2362 2107 2465 2152 so·

422 2195 737 2260 lutionem
773 2194 1224 2279 problematis:
1266 2190 1395 2260 δύο
1437 2194 1775 2260 δοθεισῶν
1815 2186 2108 2259 εὐθειῶν
2136 2192 2273 2258 τῶν
2303 2196 2372 2255 A
2381 2196 2462 2275 Β,

424 2302 551 2364 ΒΖ
595 2296 708 2363 καὶ
756 2298 1109 2378 διπλασίας
1157 2296 1366 2384 οὔσης
1411 2301 1528 2384 τῆς
1555 2303 1689 2364 ΔΒ
1727 2300 1844 2383 τῆς
1871 2302 1998 2363 ΒΖ
2033 2295 2144 2363 καὶ
2183 2300 2466 2384 σημείου

426 2402 531 2472 ἐπὶ
596 2406 712 2503 τῆς
766 2409 895 2470 ΒΖ
958 2408 1081 2471 τοῦ
1128 2412 1185 2471 Θ
1242 2403 1466 2491 τεμεῖν
1525 2399 1650 2491 τὴν
1699 2409 1832 2470 ΔΒ
1892 2400 2056 2470 κατὰ
2113 2400 2190 2470 τὸ
2238 2408 2306 2469 Χ
2351 2402 2466 2470 καὶ

425 2522 677 2595 ποιεῖν,
738 2506 829 2589 ὥς
880 2506 957 2577 τὸ
1015 2505 1145 2576 ἀπὸ
1206 2515 1346 2576 ΒΔ
1397 2507 1565 2597 πρὸς
1619 2507 1694 2577 τὸ
1755 2506 1888 2577 ἀπὸ
1938 2514 2105 2595 ΔΧ,
2164 2504 2291 2594 τὴν
2338 2514 2465 2575 XZ

424 2612 593 2703 πρὸς
640 2620 763 2682 ΖΘ
819 2620 884 2682 et
935 2616 1325 2683 uniuersalis
1383 2621 1450 2683 et
1506 2617 1804 2702 specialis
1853 2616 2156 2683 daturum
2201 2637 2271 2681 se
2316 2638 2464 2702 pro·

427 2723 636 2788 mittit
684 2719 776 2809 (p.
806 2722 958 2807 214,
986 2720 1121 2809 25),
1170 2724 1281 2789 sed
1332 2722 1571 2813 solutip
1617 2722 1964 2789 intercidit.
2038 2726 2270 2807 postea
2304 2742 2461 2786 uero

425 2828 745 2894 Eutocius
796 2850 940 2893 eam
985 2828 1240 2895 inuenit
1287 2831 1356 2894 et
1403 2830 1538 2895 suis
1583 2829 1805 2895 uerbis
1840 2829 2181 2913 proposuit
2214 2824 2464 2894 Oomm.

430 2934 511 3000 ad
558 2934 802 2999 librum
849 2932 926 2998 de
965 2935 1109 3030 sph.
1147 2937 1214 2999 et
1251 2935 1370 3020 cyl.
1407 2934 1494 3020 Π,
1529 2935 1591 3001 4.
1665 2935 1777 3001 cfr.
1817 2932 2125 3001 Zeitschr.
2161 2934 2205 2998 f.
2242 2933 2469 3019 Math„

428 3041 583 3106 hist.
630 3039 833 3105 Abth.
877 3038 1063 3106 XXV
1109 3065 1173 3127 p.
1220 3041 1303 3107 51
1354 3044 1488 3107 not.

942 3320 947 3326 -
1301 3267 1372 3337 'A
1481 3274 1580 3338 αι’.
1666 3307 1671 3312 ·

354 3400 392 3464 7
565 3394 989 3463 Archimedes
1043 3398 1336 3480 Ψαμμίτ.
1382 3294 1520 3479 ἷχῖ
1571 3392 1723 3481 (uol.
1761 3392 1829 3460 Π
1863 3416 1928 3479 Ρ.
1966 3390 2152 3479 246).
2197 3388 2311 3457 καὶ
2359 3386 2472 3457 οὔ·

431 3525 558 3579 τως
603 3496 791 3579 τινὰς
837 3499 1224 3588 δειχθήσειν
1270 3501 1410 3568 τῶν
1455 3500 1538 3567 ἐν
1577 3500 1648 3571 A
1657 3525 1698 3588 ρ
1707 3509 1843 3587 χαί
1850 3524 1884 3579 ς
1927 3495 2054 3564 τὰν
2099 3520 2472 3583 κατονομα-
