2659 3967
754 195 1265 264 QUADRATUR-A
1297 194 1755 253 PARABOLAE.
2133 196 2263 263 319

229 345 485 409 habens
530 348 597 408 et
641 364 788 408 eum
825 347 880 406 Z
928 341 1473 427 aequilibritatem
1520 342 1811 409 seruabit
1853 346 2120 428 propter
2162 364 2266 408 ea·

233 454 418 536 dem,
464 470 630 535 quae
684 471 884 533 supra
941 451 1150 533 [prop.
1197 448 1239 512 6
1293 470 1357 532 p.
1402 448 1561 533 306,
1617 448 1750 530 23].
1843 452 1911 514 et
1956 450 2265 533 quoniam

229 558 594 644 trapezium
659 578 739 621 ex
801 560 848 621 I
908 576 1293 640 suspensum
1358 576 1505 619 eum
1571 560 1626 619 Z
1691 577 1769 621 ex
1821 562 1887 620 A
1950 577 2265 641 suspenso

234 665 791 751 aequilibritatem
857 664 1104 746 seruat,
1176 662 1300 725 erit
1365 666 1433 725 A
1444 665 1513 726 K
1522 666 1668 725 ΕΗ
1688 686 1703 726 ε
1736 666 1791 725 Ζ
1820 692 1905 717 --ι
1934 669 1998 727 A
2009 666 2065 727 Β
2094 685 2109 725 ε
2140 665 2265 726 ΒΙ.

233 771 507 856 adparet
549 770 772 855 igitur,
819 788 974 833 esse‘
1008 772 1154 833 ΛΚ
1161 772 1308 832 ΕΗ
1329 792 1345 832 ε
1377 772 1439 832 Λ
1466 779 1535 841 >
1567 772 1715 833 ΛΚ
1724 774 1872 833 ΕΗ
1892 793 1908 832 :
1937 774 1992 833 Z
2040 772 2105 833 et

717 876 1054 939 AKEH:
1083 877 1260 947 M<
1288 877 1582 939 AKEH
1610 899 1626 939 τ
1654 872 1783 959 Z.¹)

233 1005 435 1069 quare
481 983 609 1047 erit
653 980 860 1063 [Euel.
906 979 986 1064 V,
1038 980 1148 1061 10]
1191 983 1372 1053 M>
1404 984 1460 1043 Ζ
1485 990 1556 1054 >
1586 984 1663 1045 A.

1161 1173 1340 1239 XIII.

369 1302 620 1367 Rursus
657 1301 746 1365 sit
770 1307 836 1365 A
847 1302 912 1364 Γ
938 1299 1124 1382 libra,
1171 1302 1238 1361 et
1273 1298 1343 1361 in
1380 1299 1595 1364 media
1630 1320 1710 1364 ea
1745 1300 2033 1384 positum
2070 1320 2267 1384 pune-

229 1414 378 1475 tum
414 1413 491 1492 B,
538 1412 606 1471 et
640 1410 709 1471 Κ
718 1412 786 1471 Δ
802 1410 926 1470 ΤΡ
962 1404 1319 1489 trapezium
1368 1404 1704 1489 eiusmodi,
1748 1410 1825 1469 ut
1866 1406 2077 1471 latera
2103 1409 2172 1470 K
2187 1410 2267 1490 A,

240 1521 369 1583 TP
405 1516 486 1581 ad
523 1518 588 1580 Γ
624 1517 919 1600 uergant,
964 1513 1175 1576 latera
1221 1513 1440 1575 autem
1480 1514 1634 1595 AT,
1680 1514 1817 1575 KP
1844 1512 1926 1575 ad
1964 1515 2097 1576 ΒΓ
2122 1534 2265 1594 per-

234 2442 674 2529 pendicularia
703 2443 850 2507 sint.
906 2439 1339 2525 suspendatur
1364 2442 1584 2505 autem
1608 2440 1678 2505 in
1704 2440 1875 2505 libra
1905 2459 1983 2502 ex
2008 2437 2266 2521 punctis

236 2556 324 2635 E,
368 2555 464 2635 H,
524 2554 591 2615 et
643 2550 926 2635 spatium
973 2552 1029 2611 Z
1084 2569 1162 2611 ex
1206 2554 1272 2612 A
1327 2547 1759 2631 suspendatur
1812 2546 1879 2609 et
1933 2566 2080 2609 eum
2134 2546 2267 2606 tra-

234 2658 421 2743 pezio
479 2660 624 2721 AK
640 2660 762 2720 TP
817 2655 915 2720 ita
979 2675 1047 2719 se
1098 2654 1397 2737 habenti,
1460 2658 1535 2717 ut
1585 2673 1754 2717 nunc
1807 2650 2094 2735 positum
2150 2652 2268 2731 est,

237 2763 792 2849 aequilibritatem
840 2761 1070 2825 seruet.
1137 2764 1203 2823 et
1249 2760 1340 2823 sit
1377 2762 1506 2822 AB
1537 2783 1552 2823 ε
1581 2761 1713 2822 ΒΕ
1740 2786 1822 2809 =
1854 2759 1922 2819 Δ
1932 2757 2001 2818 Κ
2016 2757 2164 2817 TP:
2187 2756 2266 2838 A,

237 2874 304 2936 et
349 2872 806 2937 A13213H==
839 2868 1157 2931 AKTP:
1187 2868 1281 2929 M.
1358 2862 1582 2928 eodem
1626 2862 1831 2948 igitur
1875 2858 2089 2943 modo,
2135 2880 2264 2944 quo

236 2999 454 3062 supra,
503 2974 1061 3040 demonstrabitur
1106 2992 1246 3035 esse
1292 2974 1466 3043 M>
1498 2973 1551 3033 Z
1578 2979 1647 3043 >
1678 2973 1758 3033 A.

1165 3164 1343 3232 XIV.

375 3295 479 3361 Sit
523 3297 722 3359 ΒΘΓ
770 3295 1176 3378 segmentum
1229 3291 1405 3355 linea
1449 3292 1629 3356 reeta
1675 3292 1743 3354 et
1788 3287 2074 3353 sectione
2120 3284 2266 3350 coni

233 3401 603 3488 reetanguli
648 3398 1197 3483 comprehensum.
1269 3398 1449 3483 prius
1495 3396 1698 3483 igitur
1733 3394 1865 3459 ΒΓ
1902 3390 1983 3456 ad
2028 3390 2267 3456 diame-

385 3562 440 3630 1)
477 3558 620 3625 Quia
657 3560 863 3623 BH>
893 3559 1072 3623 131>
1103 3557 1222 3609 BE.
