2659 3967
968 130 976 139 ’
1048 183 1487 240 munimus.
2148 182 2281 247 245

245 353 592 396 numerum
632 352 864 396 arenae
901 329 1417 416 magnitudinem
1454 329 1761 394 habentis
1791 329 2124 414 aequalem
2151 332 2280 394 ter-

244 459 358 503 rae
383 438 478 502 ita
505 436 824 522 expletae,
851 436 950 501 uti
979 436 1275 520 diximus,
1306 435 1419 502 sed
1447 436 1647 501 etiam
1674 457 2015 501 numerum
2044 455 2280 500 arenae

247 543 766 629 magnitudinem
791 543 1094 608 habentis
1113 543 1355 609 mundo
1380 543 1732 628 aequalem.
1770 542 2021 608 nouisti
2044 545 2282 627 autem,
2316 541 2363 606 4

248 648 560 715 mundum
600 672 642 714 a
675 649 1000 734 plerisque
1037 648 1391 736 astrologis
1427 647 1649 714 uocari
1687 648 2051 734 sphaeram,
2096 648 2279 714 cuius

248 760 542 822 centrum
574 756 662 822 sit
689 760 983 822 centrum
1008 758 1242 840 terrae,
1266 753 1488 820 radius
1518 758 1739 819 autem
1762 754 2051 840 aequalis
2072 754 2281 820 lineae

246 864 420 928 inter
463 865 690 927 centra
737 862 896 926 solis
942 866 1012 927 et
1053 865 1268 926 terrae
1311 861 1583 944 positae.
1660 860 1825 926 haec
1870 861 2044 926 enim
2078 861 2281 946 uulgo

248 969 636 1052 scribuntur,
662 971 740 1032 ut
767 989 846 1033 ex
873 968 1229 1055 astrologis
1257 966 1647 1051 cognouisti.
1682 967 2105 1033 Aristarchus
2124 988 2279 1032 uero

249 1073 508 1142 Samius
554 1075 762 1140 libros
808 1075 1121 1160 quosdam
1170 1073 1400 1158 edidit,
1448 1073 1561 1158 qui
1606 1073 2009 1157 hypotheses
2056 1074 2281 1139 inscri-

245 1181 520 1265 buntur,
563 1180 634 1244 in
681 1179 918 1265 quibus
961 1202 1042 1246 ex
1085 1179 1168 1244 iis
1181 1229 1200 1262 ,
1245 1201 1413 1264 quae
1460 1182 1949 1264 supponuntur,
1994 1179 2279 1265 adparet,

249 1287 563 1352 mundum
609 1287 1038 1371 multiplicem
1083 1306 1246 1369 esse,
1293 1307 1489 1371 quam
1537 1307 1733 1369 supra
1767 1286 2065 1351 diximus.
2138 1309 2281 1368 sup·
2317 1286 2362 1352 5

246 1394 439 1478 ponit
482 1393 684 1478 enim,
727 1393 956 1458 stellas
1001 1393 1166 1458 fixas
1213 1392 1543 1476 solemque
1588 1391 1956 1456 immobilia
2001 1415 2283 1475 manere,

247 1504 492 1564 terram
555 1520 711 1565 uero
777 1499 1022 1565 circum
1081 1498 1282 1563 solem
1344 1498 1413 1562 in
1470 1497 1686 1563 medio
1746 1519 1939 1562 cursu
1991 1501 2283 1583 positum

251 1604 600 1672 secundum
647 1605 872 1670 circuli
915 1604 1237 1670 ambitum
1281 1604 1735 1687 circumuolui,
1781 1604 2127 1688 sphaeram
2173 1628 2282 1670 au-

250 1717 386 1778 tem
433 1711 769 1776 stellarum
813 1711 1090 1776 fixarum
1135 1711 1380 1776 circum
1424 1709 1597 1775 idem
1644 1713 1941 1775 centrum
1976 1710 2283 1796 positam,

251 1820 496 1884 circum
542 1816 714 1901 quod
761 1817 860 1882 sol
904 1817 1158 1900 positus
1205 1817 1312 1901 sit,
1358 1818 1613 1882 tantam
1660 1837 1821 1900 esse,
1866 1819 1943 1880 ut
1984 1816 2283 1900 circulus,

249 1923 604 1990 secundum
671 1944 864 2008 quem
925 1927 1172 1990 terram
1233 1922 1663 1988 circumuolui
1730 1923 2067 2008 supponit,
2138 1943 2282 1986 eam
2320 1944 2333 1964 ’

250 2031 574 2097 rationem
600 2029 844 2095 habeat
871 2029 948 2094 ad
981 2029 1363 2096 distantiam
1392 2029 1727 2094 stellarum
1753 2030 2047 2115 fixarum,
2084 2051 2281 2114 quam

245 2138 490 2203 habeat
549 2140 841 2202 centrum
900 2136 1216 2220 sphaerae
1275 2135 1359 2200 ad
1414 2134 1837 2219 superficiem.
1927 2135 2054 2200 hoc
2108 2139 2282 2201 certe
2319 2136 2360 2203 6

246 2244 387 2310 fieri
443 2265 576 2309 non
628 2264 819 2327 posse
873 2242 1294 2308 manifestum
1351 2244 1471 2306 est.
1558 2263 1715 2306 nam
1768 2242 2077 2326 quoniam
2134 2263 2282 2306 cen—

246 2354 424 2416 trum
469 2350 787 2434 sphaerae
829 2351 1082 2416 nullam
1125 2348 1649 2435 magnitudinem
1692 2348 1913 2433 habet,
1963 2371 2043 2413 ne
2088 2349 2285 2413 ratio·

246 2477 400 2522 nem
465 2455 724 2540 quidem
790 2455 994 2520 ullam
1057 2454 1139 2519 ad
1205 2454 1609 2539 superficiem
1671 2454 1985 2539 sphaerae
2040 2454 2281 2520 habere

247 2562 612 2647 putandum
657 2565 775 2627 est.
868 2560 981 2629 sed
1027 2561 1417 2626 credendum
1464 2564 1592 2644 est,
1655 2559 2112 2626 Aristarchum
2158 2561 2282 2625 hoc

248 2669 518 2735 sentire:
574 2667 884 2752 quoniam
941 2667 1392 2752 supponimus,
1446 2671 1688 2732 terram
1745 2666 1933 2751 quasi
1988 2670 2281 2732 centrum

247 2775 474 2841 mundi
521 2795 691 2858 esse,
738 2772 1103 2858 sphaeram,
1149 2774 1216 2838 in
1262 2795 1393 2859 qua
1440 2777 1544 2838 ent
1588 2773 1886 2855 circulus,
1932 2773 2282 2839 secundum

248 2968 442 3036 uulgo.
483 3005 490 3013 -
618 2971 667 3021 9.
706 2963 1042 3037 διάκουσας]
1081 2965 1305 3038 scripsi;
1344 2965 1689 3036 ὃιακρουσας
1722 2965 1786 3032 F,
1824 2964 2013 3033 uulgo.
2184 2962 2280 3037 δέ]

247 3036 471 3104 addidi,
511 3052 621 3092 om.
659 3036 722 3105 F,
758 3036 950 3106 uulgo.
1071 3041 1153 3092 10.
1191 3033 1442 3108 γραφάς]
1481 3035 1704 3105 scripsi3
1740 3046 1967 3105 γραψας
1990 3035 2053 3102 F,
2090 3036 2279 3108 uulgo,

247 3114 332 3164 13.
372 3127 477 3178 μεν
516 3125 643 3162 cum
682 3122 862 3176 comp.
891 3127 966 3176 ην
1001 3107 1096 3162 uel
1132 3128 1188 3162 ιν
1214 3108 1277 3164 F.
1386 3126 1585 3162 ακιτον
1622 3107 1683 3162 F.
1796 3113 1881 3163 16.
1921 3111 2192 3162 animvm
2218 3108 2280 3176 F,

246 3180 440 3248 uulgo,
477 3181 546 3233 ut
577 3177 676 3234 lin.
719 3183 814 3234 12:
853 3181 1126 3233 aulana.
1249 3184 1332 3234 17.
1372 3173 1539 3250 ὥστε]
1584 3195 1722 3233 emm
1759 3177 1833 3244 F,
1872 3192 2011 3232 corr.
2050 3177 2136 3232 ed.
2172 3176 2280 3231 Ba-

247 3251 368 3318 sil.;
407 3245 483 3312 ὥς
519 3249 793 3304 Gettzius.
952 3254 1034 3304 18.
1073 3243 1170 3321 ὅν]
1210 3269 1284 3304 etv
1320 3250 1390 3314 F;
1438 3265 1576 3304 corr.
1616 3249 1701 3304 ed.
1740 3247 1911 3304 Basil.
2058 3255 2142 3304 20.
2182 3269 2283 3317 της

245 3319 317 3388 Ἐς
355 3337 498 3376 corr.
535 3318 760 3376 wallis.
914 3325 1000 3374 21.
1039 3315 1126 3391 γ’]
1165 3317 1224 3374 δ’
1266 3321 1352 3376 ed.
1390 3319 1581 3388 Basil„
1615 3319 1837 3389 Wallis,
1878 3318 2172 3374 Torellius.

245 3397 332 3451 22.
369 3389 462 3464 τό]
500 3411 570 3446 τα
605 3390 676 3458 F3
717 3407 855 3446 corr.
894 3387 959 3444 B.
1085 3396 1172 3446 23.
1211 3409 1274 3460 εχ
1311 3407 1440 3446 cum
1478 3407 1659 3460 comp.
1696 3410 1769 3459 ην
1805 3389 1900 3444 uel
1937 3409 1993 3444 w
2028 3388 2091 3446 F.
2194 3395 2279 3444 24.

247 3482 356 3518 αυτ
390 3480 520 3518 cum
558 3478 742 3531 comp.
780 3480 847 3516 ον
883 3461 956 3529 F3
995 3477 1134 3518 corr.
1171 3459 1236 3516 Β.
1347 3468 1435 3518 25.
1471 3457 1953 3535 ὑπολαμβανομεν
1990 3460 2052 3526 F,
2088 3459 2280 3531 uulgo.

248 3538 336 3590 26.
373 3528 563 3603 ὅπερ
601 3529 786 3604 εἶμεν]
825 3531 1047 3602 scrips13
1085 3529 1161 3596 ὥς
1195 3551 1326 3603 περι
1364 3553 1468 3604 μεν
1504 3531 1566 3600 F,
1602 3532 1792 3601 uulgo.
