2659 3967
11 3130 24 3605 ᾖ·
11 2966 23 3111 53——

567 178 666 232 DE
705 179 815 248 IIS,
858 178 1055 244 QUAE
1092 178 1173 231 IN
1209 178 1505 235 HUMIDO
1544 180 1969 237 UEHUNTUR.
2154 182 2284 247 367

653 358 1086 456 Theorema
1131 358 1213 427 V.
1304 360 1755 446 Propositio
1802 360 1883 427 V.

387 481 758 547 Solidarum
802 484 1323 569 magnitudinum
1372 507 1788 569 quaeeunque
1824 486 2022 553 fuerit
2058 488 2286 573 leuior,

246 590 522 653 dimissa
585 589 652 653 in
707 589 1046 655 humidum
1099 592 1168 657 in
1221 594 1427 656 tanto>
1467 591 1903 677 demergetur,
1966 597 2044 658 ut
2094 596 2287 657 tanta

253 695 460 759 moles
506 694 778 780 humidi,
825 699 1071 780 quanta
1117 701 1217 762 est
1262 698 1469 762 moles
1518 698 1863 781 demersae,
1908 698 2150 763 habeat
2187 721 2286 763 ae-

247 802 507 886 qualem
554 802 946 886 grauitatem
994 824 1140 867 eum
1186 808 1331 870 tota
1377 805 1843 889 magnitudine.
2322 821 2356 869 5

383 909 807 993 disponantur
863 913 1081 975 autem
1136 910 1361 977 eadem
1414 911 1769 996 prioribus,
1826 916 1895 975 et
1951 912 2038 977 sit
2074 912 2285 977 humi-

247 1018 400 1081 dum
444 1036 580 1081 non
624 1018 891 1080 motum.
958 1015 1046 1081 sit
1084 1004 1302 1080 autem
1340 1016 1719 1101 magnitudo
1756 1016 1982 1083 ΕΖΗ
1986 1016 2049 1081 Τ
2080 1018 2288 1083 leuior

245 1122 531 1189 humido.
608 1121 665 1185 si
709 1120 914 1207 igitur
959 1121 1300 1187 humidum
1348 1128 1453 1188 est
1490 1145 1624 1188 non
1661 1126 1933 1209 motum,
1983 1124 2285 1190 similiter

248 2156 626 2239 prementur
670 2157 890 2238 partes
936 2154 1142 2239 ipsius
1191 2176 1270 2219 ex
1315 2176 1521 2239 aequo
1568 2154 1824 2240 positae
1866 2152 2167 2239 [hypoth.
2201 2156 2285 2235 1].

255 2261 555 2326 similiter
620 2282 774 2345 ergo
838 2266 1168 2345 premetur
1223 2260 1591 2346 humidum,
1657 2261 1827 2345 quod
1887 2262 2007 2326 sub
2066 2283 2285 2347 super·
2329 2275 2397 2324 10

253 2366 537 2452 fieiebuS,
587 2389 752 2452 quae
801 2368 1154 2433 seeundum
1199 2367 1539 2453 periferias
1586 2365 1720 2433 XO
1766 2370 1833 2431 et
1868 2366 2013 2433 Po.
2088 2390 2288 2453 quare

255 2474 544 2558 aequalis
601 2480 702 2541 est
761 2476 1054 2563 grauitas
1065 2526 1083 2560 ,
1141 2498 1305 2560 quae
1360 2476 1699 2559 premitur.
1794 2478 1894 2539 est
1950 2477 2167 2539 autem
2223 2479 2290 2538 et

252 2579 503 2645 humidi
530 2583 842 2668 grauitas,
881 2582 1053 2668 quod
1090 2582 1159 2646 in
1188 2582 1403 2666 prima
1428 2580 1779 2667 pyramide,
1823 2580 1964 2644 sine
1993 2580 2062 2644 B
2072 2580 2156 2645 H
2160 2580 2289 2645 ΤΘ-

251 2687 462 2753 solido
511 2689 798 2774 aequalis
845 2689 1158 2775 grauitati
1201 2688 1472 2773 humidi,
1516 2686 1688 2772 quod
1735 2688 1805 2751 in
1843 2687 2053 2752 altera
2093 2708 2285 2772 pyra-

251 2792 445 2878 mide,
493 2793 631 2858 sine
676 2792 876 2860 RSE
894 2794 961 2859 Y
994 2793 1282 2859 humide.
1370 2794 1592 2879 palam
1638 2793 1867 2878 igitur,
1915 2792 2089 2876 quod
2137 2812 2285 2877 gra-
2327 2804 2395 2854 15

253 2898 429 2965 uitas
486 2900 950 2985 magnitudinis
996 2900 1284 2965 ΕΖΗΤ
1321 2903 1423 2965 est
1470 2900 1757 2984 aequalis
1805 2899 2124 2985 grauitati
2167 2899 2287 2963 hu·

250 3006 412 3072 midi
465 3004 667 3072 RSE
681 3006 754 3071 Y.
843 3006 1260 3072 manifestum
1319 3006 1549 3093 igitur,
1611 3004 1784 3089 quod
1838 3010 2024 3071 tanta
2078 3007 2285 3072 moles

249 3112 520 3198 humidi,
566 3116 815 3199 quanta
851 3118 951 3178 est
988 3113 1282 3178 demersa
1315 3135 1470 3197 pars
1508 3112 1754 3187 solidae
1790 3113 2287 3199 magnitudiniS,

248 3218 454 3285 habet
501 3219 895 3305 grauitatem
946 3219 1284 3303 aequalem
1329 3218 1456 3284 toti
1501 3219 1952 3304 magnitudini.

397 3401 446 3449 3.
487 3394 662 3450 Serib.
702 3395 963 3452 demissa.
1139 3399 1187 3448 6.
1226 3392 1533 3461 „eandem“
1571 3392 1845 3449 Tartalea.
2020 3398 2103 3448 12.
2143 3410 2286 3463 quae

247 3466 549 3591 ἶνίῗηὶίξατ]
590 3484 740 3537 „qua
767 3466 1133 3538 premuntur“
1163 3462 1376 3517 Comm.
1523 3468 1606 3519 15.
1646 3467 1866 3535 „rsegst‘
1898 3464 2185 3581 J'artalea,
2222 3468 2289 3520 ut
