2659 3967
440 186 572 250 306
615 166 618 171 ’
894 188 1507 240 ΤΕΤΡΑΓΩΝἹΣΜΟΣ
1544 190 2013 243 ΠΑΡΑΒΟΛΗΣ.

439 332 642 413 ζυγοῦ
673 328 1016 413 [δηλονότι
1045 337 1193 415 ἴσης
1222 327 1430 414 οὔσης
1456 333 1573 409 τᾶς
1600 336 1728 397 ΑΒ
1756 332 1837 417 τῇ
1866 338 1925 398 13
1935 336 2048 415 Γ].
2106 332 2469 421 κρεμάσθω

438 433 515 501 δὲ
567 432 644 502 τὸ
689 438 1024 522 τρίγωνον
1071 436 1143 501 ἐκ
1186 438 1324 502 τῶν
1370 440 1451 519 Β,
1498 440 1564 502 Γ
1600 442 1926 521 σαμείων,
1978 437 2344 525 κρεμάσθω
2393 440 2469 509 δὲ

435 538 550 607 καὶ
594 538 761 608 ἄλλο
807 546 1059 629 χωρίον
1095 538 1172 608 τὸ
1203 546 1258 606 Ζ
1296 542 1369 607 ἐκ
1404 545 1527 607 τοῦ
1566 542 1797 627 ἑτέρου
1833 543 2066 631 μέρεος
2102 549 2227 612 τοῦ
2266 552 2469 632 ζυγοῦ

435 645 600 713 κατὰ
649 644 724 714 τὸ
772 655 858 732 Α,
903 646 1016 713 καὶ
1063 650 1499 733 ἰσορροπείτω
1546 645 1622 714 τὸ
1673 653 1728 713 Ζ
1773 654 2025 737 χωρίον
2070 650 2237 718 κατὰ
2284 652 2361 721 τὸ
2405 664 2467 721 Α

437 752 858 842 κρεμάμενον
903 757 995 846 τῷ
1041 760 1100 820 Β
1113 758 1256 820 ΔΓ
1290 753 1597 845 τριγώνῳ
1645 752 1857 835 οὕτως
1904 761 2153 843 ἔχοντι,
2201 757 2292 840 ὡς
2336 765 2470 829 νῦν

435 865 661 928 κείται.
753 859 927 945 φαμὶ
983 856 1100 945 δή,
1161 857 1236 926 τὸ
1294 866 1350 926 Ζ
1404 865 1655 949 χωρίον
1708 866 1830 930 τοῦ
1876 870 2086 933 ΒΔΓ
2133 865 2470 955 τριγώνου

436 966 636 1051 μέρος
679 971 908 1053 τρίτον
955 962 1158 1049 εἶμεν.

570 1072 709 1139 ἐπεὶ
755 1067 884 1157 γὰρ
929 1068 1271 1138 ὑποκείται
1318 1074 1734 1159 ι’σορροπέων
1781 1072 1818 1142 ὅ
1868 1077 2093 1164 ζυγός,
2141 1086 2243 1165 εἴη
2290 1106 2378 1147 κα
2424 1078 2467 1147 ἆ

435 1183 575 1245 ΑΓ
630 1174 900 1266 γραμμὰ
962 1174 1144 1265 παρὰ
1199 1175 1321 1245 τὸν
1376 1176 1716 1266 ὁρίζοντα,
1782 1186 1859 1249 αἱ
1908 1184 1983 1251 δὲ
2037 1184 2186 1254 ποτ’
2248 1185 2471 1275 ὀρθὰς

333 1305 398 1354 10
436 1280 761 1370 ἄγομέναι
815 1287 896 1372 τᾷ
943 1288 1083 1350 ΑΓ
1129 1286 1204 1351 ἐν
1248 1287 1341 1376 τῷ
1390 1281 1581 1377 ὀρθῷ
1630 1288 1915 1379 ἐπιπέδῳ
1962 1292 2113 1358 ποτὶ
2159 1291 2281 1360 τὸν
2328 1291 2471 1381 ὁρί-

505 1426 596 1479 Δ
976 1416 1068 1474 Β
1145 1415 1240 1473 ,Ε
1492 1418 1576 1477 Γ
1612 1401 1807 1477 ζοντα
1860 1400 2137 1467 καθέτοι
2189 1401 2471 1469 ἐσσούν-

1608 1529 1715 1569 ται
1782 1504 1887 1571 ἐπὶ
1951 1503 2073 1573 τὸν
2140 1490 2469 1595 ὁρίζοντα.

1608 1610 1959 1696 τετμάσθω
2045 1610 2131 1700 δὴ
2213 1610 2257 1680 ἆ
2343 1621 2478 1682 ΒΓ

1607 1714 1875 1804 γραμμὰ
1922 1717 2089 1786 κατὰ
2138 1718 2213 1788 τὸ
2256 1728 2321 1787 Ε
2354 1718 2471 1787 οῧ-

1606 1850 1765 1911 τως,
1832 1823 2001 1893 ὥστε
2062 1830 2471 1893 διπλασίονα

1606 1927 1789 2017 εἶμεν
1834 1929 1961 1999 τάν
1997 1937 2129 1999 ΓΕ
2161 1936 2278 2012 τᾶς
2316 1939 2468 2019 ΕΒ,

1604 2036 1717 2103 καὶ
1746 2036 1937 2124 ἄχθω
1968 2035 2147 2123 παρὰ
2177 2035 2304 2106 τάν
2333 2046 2399 2105 Δ
2410 2046 2467 2105 Β

433 2137 475 2208 ἁ
523 2146 680 2224 ΚΕ,
725 2138 836 2205 καὶ
883 2138 1234 2225 τετμάσθω
1282 2145 1437 2228 δίχα
1480 2139 1648 2209 κατὰ
1694 2139 1771 2208 τὸ
1820 2148 1891 2209 Θ.
1966 2147 2087 2210 τοῦ
2137 2142 2221 2230 δὴ
2260 2150 2482 2211 ΒΔΓ

432 2246 768 2333 τριγώνου
812 2246 1093 2333 κέντρον
1139 2246 1387 2335 βάρεός
1433 2246 1693 2324 ἔστιτὸ
1743 2254 1800 2313 Θ
1846 2262 2140 2334 σαμεῖον.
2217 2254 2469 2317 δεδείπ-

321 2368 395 2417 20
432 2378 538 2420 ται
577 2350 708 2439 γὰρ
745 2354 946 2419 τοῦτο
985 2354 1060 2420 ἐν
1097 2365 1240 2431 τοῖς
1275 2367 1683 2440 μηχανικοῖς.
1749 2362 1816 2421 εἴ
1842 2380 1929 2421 κα
1957 2346 2084 2422 οὖν
2112 2358 2234 2423 τοῦ
2262 2364 2401 2424 ΒΔ
2412 2363 2480 2424 Γ

319 2900 392 2949 25

430 2457 765 2546 τριγώνου
810 2454 853 2524 ἅ
901 2457 1025 2544 μὲν
1061 2456 1229 2527 κατὰ
1264 2458 1346 2525 τὰ
1385 2466 1466 2546 Β,
1494 2467 1560 2529 Γ
1586 2461 1902 2548 κρέμασις
1941 2467 2145 2551 λυθῇ,
2184 2460 2353 2530 κατὰ
2391 2464 2471 2531 δὲ

429 2593 504 2636 το
572 2574 637 2633 Ε
694 2571 1079 2655 κρεμασθῇ,
1147 2567 1330 2653 μένει
1395 2564 1471 2635 τὸ
1538 2572 1900 2655 τρίγωνον,
1966 2566 2057 2647 ὥς
2118 2572 2250 2637 νῦν
2316 2574 2471 2657 ἔχει.

431 2676 710 2741 ἕκαστον
755 2670 886 2759 γὰρ
922 2676 1061 2755 τῶν
1097 2673 1557 2761 κρεμαμένων,
1605 2674 1671 2753 ἐξ
1711 2665 1796 2742 οὖ
1834 2678 2115 2759 σαμείου
2150 2701 2235 2742 κα
2270 2701 2471 2744 κατα-

430 2785 672 2868 σταθῇ,
720 2779 924 2868 μένει,
974 2776 1143 2848 ὥστε
1186 2778 1353 2845 κατὰ
1401 2778 1695 2847 κάθετον
1741 2776 1926 2867 εἶμεν
1963 2780 2039 2849 τό
2078 2805 2147 2849 τε
2186 2795 2472 2867 σαμεῖον

429 2890 552 2954 τοῦ
595 2890 969 2974 κρεμαστοῦ
1014 2886 1126 2955 καὶ
1173 2887 1247 2955 τὸ
1295 2886 1579 2973 κέντρον
1624 2888 1746 2954 τοῦ
1786 2885 2031 2973 βάρεος
2066 2891 2189 2955 τοῦ
2226 2914 2471 2976 κρεμα-

430 2993 656 3078 μένου.
731 2998 1060 3062 δεὸείκται
1105 2992 1236 3083 γὰρ
1281 2992 1394 3061 καὶ
1440 2996 1659 3061 τοῦτο.
1734 2995 1874 3061 ἐπεὶ
1922 2985 2049 3062 οὖν
2086 2994 2211 3063 τάν
2250 2994 2472 3065 αὐτὰν

576 3194 622 3241 1.
661 3184 1009 3257 δηλονότι-
1033 3188 1170 3259 ΒΓ]
1211 3188 1387 3245 deleo.
1518 3194 1568 3241 2.
1608 3206 1851 3259 σημειων
1886 3189 1958 3255 Ἐς
1996 3197 2135 3253 σοι-1.
2170 3188 2475 3249 Torellius.

431 3266 480 3313 3.
520 3278 726 3330 μερους
760 3258 822 3325 F,
860 3257 1051 3329 uulgo.
1147 3264 1192 3313 5.
1232 3278 1383 3315 εοντι
1411 3258 1482 3327 Ἐς
1524 3274 1663 3313 corr.
1693 3259 1989 3314 Torellius.
2084 3266 2133 3315 7.
2171 3280 2325 3315 ειναι
2364 3280 2475 3333 per

431 3348 612 3401 comp.
651 3330 720 3397 F;
761 3346 900 3385 corr.
940 3330 1236 3387 Torellius.
1366 3336 1415 3385 8.
1456 3348 1771 3399 ισορροπων
1806 3330 2321 3401 Ἐ,1111130.εἰή
2363 3334 2473 3405 κα]

432 3402 654 3487 scripsi3
668 3421 835 3488 εηκα
873 3401 938 3469 F,
980 3420 1044 3455 εκ
1082 3420 1157 3455 κα
1186 3400 1393 3481 uulg03
1438 3396 1681 3455 ἐσσεῖται
1720 3402 1997 3456 Torellius
2036 3420 2163 3457 cum
2198 3400 2263 3458 B.
2415 3411 2476 3460 9.

430 3468 587 3543 παρὰ
625 3468 726 3527 τὸν
763 3443 1044 3540 ὁρίζοντα,
1083 3461 1201 3543 αἱ]
1214 3491 1391 3526 αυτον
1430 3474 1709 3540 οριζονται
1746 3470 1815 3540 Ἐς
1855 3490 1990 3530 corr.
2029 3474 2325 3529 TorelliuS.

434 3550 517 3599 11.
557 3547 826 3606 καθέτοις
866 3543 936 3612 Ἐς
983 3559 1121 3599 corr.
1163 3542 1247 3599 ed.
1287 3542 1455 3597 Basil.
1604 3549 1686 3597 13.
1724 3547 2019 3615 τετμησθω
2057 3542 2126 3613 Ἐς
2176 3548 2477 3603 0011.Το-
