2659 3967
641 222 739 278 DE
776 221 1184 277 PLANORUM
1221 220 1716 288 AEQUILIBRIIS
1757 223 1863 276 etc.
2143 219 2268 284 161

228 368 595 434 seruabant
642 370 849 452 [prop.
898 367 989 448 6J.
1081 370 1147 432 et
1194 366 1420 431 eadem
1468 365 1545 430 de
1594 387 1786 431 causa
1831 365 1956 429 hoc
2000 384 2085 428 ne
2130 366 2275 429 tum

227 473 499 558 quidem
543 474 672 557 fiet,
720 474 775 538 si
824 476 890 539 Γ
925 472 1305 558 magnitudo
1347 471 1557 536 maior
1604 474 1720 556 est,
1767 491 1962 554 quam
2008 473 2081 534 ut
2127 492 2276 535 cum

228 585 370 645 AB
419 579 973 664 aequilibritatem
1019 582 1255 643 seruet.
1268 575 1319 664 ¹)

1166 808 1348 876 Vm.

374 931 443 999 Si
502 956 541 998 a
595 933 1045 1020 magnitudine
1102 933 1320 1017 aliqua
1367 934 1748 1018 magnitudo
1805 933 2121 1017 aufertur,
2172 933 2276 999 cui

230 1041 411 1104 idem
471 1043 768 1105 centrum
809 1062 943 1105 non
998 1043 1124 1123 est,
1181 1041 1355 1124 quod
1409 1040 1561 1124 toti,
1613 1041 1900 1126 reliquae
1948 1041 2278 1125 magnitu-

236 1147 417 1212 dinis
483 1150 777 1212 centrum
842 1146 1188 1231 grauitatis
1250 1150 1376 1211 est:
1440 1146 1756 1230 producta
1818 1147 1989 1211 linea
2053 1149 2279 1210 centra

244 1257 319 1318 et
361 1254 565 1318 totius
614 1256 682 1316 et
726 1253 984 1317 ablatae
1031 1251 1502 1338 magnitudinis
1549 1252 1847 1338 iungenti
1890 1253 1962 1317 in
2009 1252 2280 1318 eandem

235 1362 539 1444 partem,
574 1359 647 1423 in
700 1379 829 1442 qua
885 1362 986 1423 est
1040 1361 1338 1423 centrum
1391 1359 1598 1423 totius
1653 1358 2154 1443 magnitudinis,
2211 1361 2278 1421 et

237 1467 468 1532 ablata
512 1466 686 1531 linea
734 1487 773 1529 a
816 1465 1134 1549 producta
1177 1464 1357 1530 linea
1402 1468 1626 1529 centra
1670 1464 1788 1529 illa
1825 1465 2138 1550 iungenti,
2184 1465 2278 1530 ita

238 1575 321 1636 ut
384 1572 651 1637 eandem
714 1571 961 1636 habeat
1013 1572 1335 1636 rationem
1392 1571 1473 1634 ad
1527 1571 1771 1636 lineam
1823 1571 2000 1635 inter
2054 1574 2280 1636 centra

201 1701 206 1704 ·
240 1678 556 1762 positam,
615 1699 814 1762 quam
868 1678 1121 1762 pondus
1168 1675 1638 1762 magnitudinis
1685 1676 1944 1741 ablatae
1991 1678 2072 1741 ad
2117 1698 2278 1760 pon·

241 1774 365 1849 dus
410 1786 719 1869 reliquae,
764 1784 1080 1849 terminus
1130 1783 1406 1849 ablatae.

378 1889 847 1975 magnitudinis
893 1888 1229 1954 cuiusdam
1275 1893 1410 1953 AB
1458 1893 1752 1955 centrum
1798 1890 2141 1975 grauitatis
2191 1889 2280 1954 sit

242 1999 321 2062 Γ.
410 1999 478 2061 et
532 1997 615 2061 ab
671 2000 803 2061 AB
862 1995 1193 2061 auferatur
1246 2000 1415 2081 AA,
1470 1996 1650 2061 cuius
1711 2000 2004 2062 centrum
2061 1997 2276 2082 graui-

241 2103 407 2168 tatis
444 2104 531 2168 sit
564 2107 641 2169 E.
708 2104 902 2169 ducta
938 2105 1157 2168 autem
1194 2102 1372 2168 linea
1409 2105 1542 2179 ΕΓ
1569 2106 1635 2167 et
1668 2104 1984 2187 producta
2023 2106 2280 2184 [uersus

242 2211 339 2290 Γ]
392 2209 811 2275 abscindatur
852 2211 993 2293 ΓΖ,
1038 2209 1133 2272 ita
1177 2212 1252 2274 ut
1298 2209 1386 2274 sit
1429 2212 1550 2273 ΓΖ
1579 2232 1593 2274 :
1622 2212 1752 2274 ΓΕ
1778 2239 1862 2263 =
1891 2216 2077 2274 AA:
2118 2212 2282 2274 AH.

244 2315 845 2401 demonstrandum,
892 2317 1187 2381 centrum
1232 2315 1582 2401 grauitatis
1619 2315 2091 2401 magnitudinis
2133 2319 2293 2380 AH

244 2443 390 2486 esse
435 2427 746 2506 punctum
793 2425 866 2486 Z.

381 2550 535 2593 nam
580 2551 663 2593 ne
709 2529 813 2612 sit,
858 2550 1106 2612 uerum,
1154 2527 1209 2592 si
1254 2528 1395 2592 fieri
1439 2530 1676 2612 potest,
1721 2528 1811 2592 sit
1854 2531 2169 2611 punctum
2205 2531 2282 2593 Θ.

245 2635 555 2719 quoniam
611 2635 817 2720 igitur
875 2634 1343 2721 magnitudinis
1392 2638 1534 2699 ΑΔ
1589 2637 1882 2700 centrum
1939 2635 2282 2720 grauitatis

246 2745 353 2807 est
397 2746 483 2826 E,
536 2742 1012 2826 magnitudinis
1070 2746 1287 2807 autem
1338 2746 1405 2805 A
1413 2744 1492 2805 H
1537 2746 1848 2826 punctum
1895 2747 1977 2824 Θ,
2031 2741 2284 2826 magni-

246 2845 493 2912 tudinis
550 2869 630 2912 ex
673 2851 952 2932 utraque
998 2847 1450 2932 magnitudine
1496 2853 1656 2931 AA,
1694 2850 1849 2911 AH
1885 2848 2284 2931 compositae

397 3061 447 3128 1)
485 3058 909 3113 Demonstratio
963 3058 1293 3128 imperfecta
1349 3061 1409 3113 et
1452 3057 1647 3128 paullo
1695 3058 1982 3114 obscurior
2026 3057 2112 3112 ita
2156 3075 2284 3128 sup·

249 3130 460 3201 plenda
506 3131 617 3184 est=
675 3147 805 3184 cum
839 3134 884 3183 A
915 3151 929 3184 2
964 3133 1016 3183 Γ
1037 3134 1107 3197 <
1135 3133 1246 3184 ΛΕ
1275 3151 1288 3184 =
1320 3132 1450 3198 ΕΖ,
1502 3130 1578 3184 ad
1624 3133 1896 3200 punctum
1934 3136 1986 3184 Δ
2031 3133 2286 3200 uergent‚

249 3201 403 3271 quod
438 3200 564 3254 fieri
599 3216 712 3254 non
748 3203 963 3270 potest,
1002 3218 1128 3256 cum
1164 3200 1351 3256 minus
1389 3218 1618 3256 excessu
1654 3200 1907 3256 ablatum
1937 3200 2021 3255 sit
2058 3201 2128 3255 ab
2167 3205 2286 3256 AB.

250 3273 449 3328 eodem
496 3272 665 3326 modo
710 3271 1187 3342 ratiocinandum,
1236 3272 1284 3326 si
1324 3276 1378 3325 Γ
1416 3272 1595 3328 maior
1632 3274 1733 3327 est.
1809 3289 1980 3341 quare
2020 3289 2148 3324 cum
2184 3275 2284 3323 AB

246 3361 431 3427 neque
468 3342 647 3398 maior
684 3342 759 3397 sit
794 3359 972 3414 neque
1010 3343 1217 3413 minor,
1255 3343 1702 3399 demonstratum
1741 3346 1854 3412 est,
1895 3343 2046 3411 quod
2080 3357 2294 3411 propo-

249 3432 481 3470 suimus.

358 3672 681 3724 Archimedes,
710 3673 780 3714 od.
807 3671 1025 3722 Heiberg.
1070 3672 1134 3712 11.
1897 3665 1962 3714 11
