2659 3967
411 161 542 227 314
862 160 1475 213 ΤΕΤΡΑΓΩΝῙΣΜΟΣ
1512 159 1981 212 ΠΑΡΑΒΟΑΗΣ.

409 304 561 373 ποτὶ
607 301 730 372 τὰν
776 309 935 388 ΒΕ,
980 301 1092 369 καὶ
1141 298 1254 368 διὰ
1299 304 1424 369 τοῦ
1470 307 1535 369 Ε
1575 299 1753 389 παρὰ
1800 300 1926 368 τὰν
1972 307 2110 368 ΒΔ
2154 297 2443 388 ἀχθεῖσα

409 408 452 478 ἆ
502 417 650 478 ΕΝ
695 408 1049 495 τετμάσθω
1106 412 1260 495 δίχα
1315 404 1481 474 κατὰ
1540 406 1618 475 τὸ
1664 415 1739 475 Θ.
1829 412 1954 476 τοῦ
2009 406 2094 494 δὴ
2149 414 2448 475 ΒΔΗΚ

408 522 765 605 τραπεζίου
817 516 1100 603 κέντρον
1157 513 1294 580 ἐστὶ
1351 516 1473 581 τοῦ
1527 513 1771 602 βάρεος
1823 511 1901 581 τὸ
1949 521 2021 581 Θ.
2114 516 2446 581 δεδείκται

467 670 549 731 A
913 657 1136 720 BE
1214 656 1308 715 ff
1346 652 1442 713 7⁷
1480 619 1608 710 γὰρ
1664 624 1864 688 τοῦτο
1922 622 1995 687 έν
2050 633 2191 700 τοῖς
2237 646 2445 708 μηχα-

1479 740 1709 808 νικοῖς.
1782 722 1869 814 ἢν
1908 718 2035 795 οὖν
2070 726 2145 795 τὸ
2176 733 2449 796 ΒΔΗΚ

1478 836 1831 924 τραπέζιον
1874 831 2041 903 κατὰ
2090 860 2212 920 μεν
2257 831 2335 900 τὸ
2386 840 2450 899 Ε

1479 945 1851 1032 κρεμασθῇ,
1898 938 2031 1009 ἀπὸ
2080 938 2156 1008 δε
2190 942 2325 1008 τῶν
2359 946 2445 1025 Β,

1480 1056 1560 1117 Η
1570 1057 1864 1135 σαμείων
1884 1048 2085 1136 λυθῇ,
2116 1046 2299 1133 μένει
2318 1042 2447 1113 τάν

1481 1153 1697 1223 αὐτὰν
1790 1158 1945 1241 ἔχον
2038 1152 2448 1220 κατάστασιν

1482 1260 1594 1331 διὰ
1657 1260 1736 1330 τὰ
1798 1257 1968 1329 αὐτὰ
2020 1273 2161 1339 τοῖς
2214 1256 2450 1348 πρότε-

1482 1394 1637 1457 ρον,
1693 1367 1805 1435 καὶ
1856 1368 2207 1456 ἰσορροπεῖ
2247 1369 2339 1457 τῷ
2391 1371 2449 1430 Ζ

411 1482 653 1567 χωρίῳ.
721 1476 860 1543 ἐπεὶ
907 1466 1036 1544 οὖν
1076 1479 1427 1563 ἰσορροπεῖ
1457 1473 1535 1544 τὸ
1566 1480 1861 1542 ΒΔΗΚ
1895 1473 2243 1562 τραπέζιον
2278 1469 2449 1538 κατὰ

410 1582 486 1653 τὸ
527 1590 592 1649 Ε
630 1580 1052 1671 κρεμάμενον
1097 1585 1188 1671 τῷ
1230 1588 1285 1647 Ζ
1329 1585 1552 1672 χωρίῳ
1599 1577 1764 1646 κατὰ
1808 1580 1884 1645 τὸ
1924 1588 1989 1645 Α
2031 1579 2447 1667 κρεμαμένῳ,

415 1692 723 1774 έσσείται,
772 1684 866 1766 ὥς
909 1684 951 1754 ἆ
997 1694 1131 1755 ΒΑ
1176 1687 1328 1755 ποτὶ
1374 1684 1501 1754 τάν
1546 1693 1706 1771 ΒΕ,
1751 1682 1829 1752 τὸ
1875 1690 2171 1755 ΒΔΗΚ
2212 1684 2451 1772 τραπέ-

189 1856 194 1860 ,
311 1812 375 1863 15
416 1802 557 1878 ξιον
613 1794 765 1862 ποτὶ
821 1792 898 1863 τὸ
949 1797 1003 1861 Ζ
1056 1799 1326 1883 χωρίον.
1420 1799 1690 1879 μείζονα
1716 1783 1873 1860 ὀὖν
1926 1790 2135 1876 λόγον
2191 1796 2323 1878 ἔχει
2366 1788 2447 1859 τὸ

414 1908 639 1969 BAH
641 1908 711 1969 K
759 1903 1113 1989 τραπέζιον
1168 1899 1319 1968 ποτὶ
1373 1898 1451 1967 τὸ
1503 1905 1557 1966 Ζ
1610 1898 1778 1988 ἥπερ
1834 1898 1986 1966 ποτὶ
2030 1896 2108 1965 τὸ
2158 1904 2251 1984 Λ,
2305 1898 2450 1965 ἐπεὶ

412 2007 523 2075 καὶ
571 2004 613 2074 o‘c
653 2013 783 2073 AB
829 2006 981 2073 ποτὶ
1026 2002 1153 2073 τάν
1190 2012 1323 2073 ΒΕ
1365 2011 1638 2092 μείζονα
1674 2004 1883 2090 λόγον
1920 2009 2050 2091 ἔχει
2086 2002 2254 2093 ἥπερ
2292 2003 2445 2070 ποτὶ

413 2112 540 2180 τάν
586 2119 741 2179 ΒΗ.
833 2109 1001 2179 ὥστε
1049 2116 1336 2179 ἔλασσον
1360 2114 1669 2180 ·ἐσσείται
1714 2109 1791 2179 τὸ
1841 2118 1896 2177 Ζ
1941 2115 2061 2179 τοῦ
2110 2117 2189 2178 Λ.

1372 2332 1441 2371 ια
1470 2357 1485 2371 .

309 2449 377 2498 20
530 2427 748 2497 ’Ἑστω
793 2426 998 2495 πάλιν
1042 2426 1119 2496 τὸ
1169 2426 1292 2514 μὲν
1338 2437 1402 2495 Α
1412 2434 1477 2496 Γ
1515 2430 1777 2517 ζύγιον,
1823 2432 1935 2498 καὶ
1981 2431 2187 2518 μέσον
2234 2426 2449 2497 αὐτοῦ

464 2569 552 2627 A
959 2564 1042 2621 B
1227 2558 1325 2619 Ε
1398 2560 1481 2616 17
1532 2536 1608 2604 τὸ
1647 2545 1729 2623 Β,
1774 2536 1852 2605 τὸ
1893 2536 1969 2604 δὲ
2007 2540 2265 2603 ΚΔΤΡ
2292 2558 2447 2620 τρα-

1532 2645 1758 2725 πέζιον
1786 2648 1952 2710 ἔστω
1982 2639 2099 2721 τὰς
2126 2640 2249 2727 μεν
2277 2645 2347 2708 Κ
2356 2646 2445 2723 Δ

1542 2756 1665 2817 ΤΡ
1699 2746 1993 2834 πλευρὰς
2030 2751 2185 2833 ἔχον
2225 2744 2331 2814 ἐπὶ
2369 2740 2445 2811 τὸ

1534 2861 1600 2923 Γ
1635 2854 1989 2938 νευούσας,
2033 2851 2153 2930 τὰς
2198 2850 2273 2920 δὲ
2304 2857 2445 2935 ΔΡ,

1536 2968 1605 3029 Κ
1624 2967 1683 3028 Τ
1745 2962 2075 3037 καθέτους
2149 2956 2255 3025 ἐπὶ
2318 2954 2447 3023 τάν

1540 3072 1681 3153 ΒΓ,
1727 3068 1839 3135 καὶ
1876 3063 1919 3133 ἆ
1962 3072 2099 3132 ΔΡ
2129 3063 2234 3130 ἐπὶ
2271 3060 2348 3129 τὸ
2390 3069 2449 3129 Β

1535 3175 1839 3241 πιπτέτω.
1940 3167 2023 3241 ὃν
2098 3168 2175 3238 δὲ
2238 3166 2451 3253 λόγον

417 3287 548 3369 ἔχει
603 3278 644 3349 ἆ
704 3289 834 3349 ΑΒ
888 3279 1040 3348 ποτὶ
1093 3277 1219 3348 τάν
1266 3287 1436 3366 ΒΗ,
1495 3284 1740 3348 τοῦτον
1796 3280 1991 3366 ἐχέτω
2048 3274 2124 3344 τὸ
2174 3284 2320 3345 ΔΚ
2334 3282 2463 3343 ΤΡ

561 3449 612 3497 3.
645 3440 934 3515 βαρουςῈ,
963 3440 1156 3511 uulgo,
1266 3446 1317 3495 8.
1338 3457 1583 3509 σημειων
1601 3438 1672 3507 F;
1700 3457 1840 3496 cotr.
1860 3437 2157 3494 TorelliuS.
2267 3436 2451 3519 λυθῇ]

417 3512 642 3581 scripsi,
670 3517 874 3581 λυθειη
905 3511 974 3579 F,
1003 3504 1228 3581 uulgo.
1285 3516 1337 3566 9.
1367 3529 1570 3579 εχοντα
1598 3509 1659 3567 F.
1764 3517 1845 3565 11.
1876 3506 2195 3578 ἰσορροπεῖ]
2225 3506 2453 3577 scripsi3
