2659 3967
590 202 689 256 DE
726 201 837 269 ns,
874 201 1070 269 QUAE
1106 200 1189 255 m
1224 199 1517 256 Homno
1554 200 1981 257 UEHUNTUR.
2171 200 2304 266 407

268 347 487 431 portio
536 350 756 412 autem
802 347 1169 431 composita
1216 366 1295 411 ex
1337 346 1782 430 proportione,
1829 367 2025 431 quam
2063 346 2310 413 habent

264 453 401 519 duo
442 453 524 517 ad
560 455 863 540 quinque,
906 456 975 517 et
1011 475 1089 519 ex
1123 452 1571 539 proportione,
1607 474 1807 537 quam
1842 451 2092 517 habent
2125 454 2308 537 quin·

266 581 393 645 que
462 558 543 624 ad
604 581 835 643 unum,
910 562 1012 624 est
1077 558 1303 625 eadem
1371 580 1516 624 eum
1580 558 2036 643 proportione,
2113 581 2306 643 quam

264 666 521 732 habent
566 665 694 732 duo
740 665 823 731 ad
867 688 1085 733 unum.
1150 665 1354 751 dupla
1398 686 1552 751 ergo
1601 668 1700 731 eet
1741 686 1908 752 quae
1935 662 2066 729 GO
2099 665 2307 749 ipsius

268 770 413 840 Gae.
503 776 774 857 propter
829 772 1052 839 eadem
1108 776 1331 838 autem
1385 774 1450 838 et
1505 794 1668 857 quae
1713 772 1858 838 ΡΥ
1899 773 2108 858 ipsius
2164 773 2231 838 Y
2226 774 2308 839 F.
2347 784 2380 833 5

263 878 583 963 quoniam
625 877 835 963 igitur
880 900 1045 963 quae
1080 877 1213 945 DS
1254 882 1358 943 est
1402 878 1712 944 hemiolia
1751 879 1960 963 ipsius
1994 879 2154 963 KR,
2197 901 2310 963 pa·

267 984 423 1067 lam,
468 984 644 1069 quod
691 1008 857 1071 quae
900 984 1035 1051 ΒΕ
1076 989 1179 1051 est
1223 1004 1546 1069 excessua,
1592 1006 1720 1070 quo
1767 986 1906 1051 axis
1953 992 2054 1055 est
2098 987 2311 1053 maior

269 1112 473 1175 quam
517 1089 865 1165 hemiolius
911 1091 1069 1177 eiua,
1114 1114 1280 1178 quae
1327 1113 1532 1176 usque
1579 1091 1660 1157 ad
1707 1090 1967 1179 axem.¹)

1140 1322 1336 1388 Pars
1382 1321 1436 1387 Ι.

304 1446 313 1453 ’
406 1442 476 1510 Si
538 1444 800 1531 quidem
844 1447 1049 1532 igitur
1092 1446 1309 1531 portio
1358 1447 1440 1511 ad
1484 1442 1824 1513 humidum
1867 1448 1935 1512 in
1984 1449 2310 1534 grauitate
2352 1461 2422 1509 10
2501 1506 2508 1513 .

263 1550 440 1617 hane
491 1552 697 1617 habet
746 1552 1261 1637 proportionem,
1316 1576 1512 1637 quam
1566 1556 1986 1639 tetragonum
2045 1554 2219 1637 quod
2275 1577 2313 1618 a

264 1656 404 1723 Rs
448 1658 531 1722 ad
576 1658 665 1742 id,
713 1658 885 1744 quod
932 1681 973 1723 a
998 1658 1164 1743 BD,
1210 1663 1326 1725 aut
1363 1660 1676 1725 maiorem
1711 1659 1839 1723 hae
1872 1658 2315 1744 proportione,
2401 1710 2406 1715 .

266 1764 492 1848 portio
552 1764 837 1829 demissa
892 1764 966 1829 in
1017 1764 1357 1831 humidum
1412 1766 1538 1850 ita,
1588 1768 1663 1830 ut
1706 1764 1886 1829 basis
1931 1764 2137 1850 ipsius
2182 1787 2316 1831 non

275 1874 513 1957 tangat
565 1870 932 1956 humidum,
986 1875 1167 1937 reeta
1224 1872 1555 1937 consistet.
1648 1871 2160 1936 demonstratum
2215 1875 2316 1935 est

270 1979 453 2043 enim
488 1978 691 2063 priuS,
727 1979 901 2063 quod
940 1979 998 2043 si
1035 1978 1251 2067 portio
1278 1978 1530 2043 habens
1561 1998 1748 2043 axem
1778 1978 2090 2043 maiorem
2118 1999 2313 2061 quam
2354 1992 2423 2040 15

273 2084 662 2165 hemiolium
709 2084 868 2169 eiua,
914 2107 1078 2169 quae
1128 2106 1335 2171 usque
1382 2083 1465 2149 ad
1509 2105 1700 2149 axem
1745 2084 2118 2165 †minorem
2164 2106 2316 2168 pro-

271 2192 604 2276 portione,
661 2190 717 2254 si
773 2190 853 2255 ad
908 2190 1249 2256 humidum
1301 2192 1373 2256 in
1427 2190 1753 2278 grauitate
1809 2213 1942 2257 non
1995 2191 2315 2257 minorem

271 2290 769 2383 proportionem
824 2297 1068 2364 habeat
1122 2298 1574 2383 proportione,
1629 2320 1823 2384 quam
1873 2296 2075 2364 habet
2116 2302 2314 2363 tetra·

278 2425 525 2490 gonum
581 2404 754 2490 quod
814 2404 897 2468 ab
959 2426 1250 2488 excessu,
1317 2426 1444 2490 quo
1499 2405 1638 2470 axis
1695 2410 1798 2471 est
1852 2406 2064 2471 maior
2120 2427 2315 2489 quam

268 2507 659 2576 hemiolium
706 2511 873 2596 eine,
928 2532 1092 2596 quae
1139 2509 1222 2576 ad
1268 2533 1482 2596 axem,
1538 2511 1621 2576 ad
1674 2515 2090 2595 tetragonum
2141 2512 2314 2595 quod
2351 2525 2424 2574 20

275 2616 363 2680 ab
413 2639 551 2702 axe,
595 2616 879 2683 demissa
922 2617 995 2681 in
1037 2616 1380 2682 humidum
1421 2619 1534 2701 ita,
1578 2620 1654 2681 ut
1689 2617 1935 2682 dietum
1974 2621 2093 2700 est,
2137 2622 2316 2681 recta

279 2723 597 2787 consistet
643 2725 855 2808 [prop.
902 2724 993 2804 4].

427 2935 480 3001 1)
516 2930 631 2985 DS
658 2956 726 2977 =
754 2928 951 3002 {KR3
990 2931 1089 2986 sed
1115 2932 1242 2986 KR
1281 2949 1347 2987 ea
1385 2933 1488 3001 eet,
1525 2946 1668 2999 quae
1696 2932 1767 2986 ad
1797 2949 1959 2988 axem
1989 2932 2104 3002 (p);
2144 2949 2316 3001 quare

274 3001 1365 3075 BS-BD÷DS-.BD÷›310.

426 3208 476 3257 3.
516 3200 824 3272 „eandemu
865 3198 1149 3268 Tartalea,
1184 3201 1251 3253 ut
1285 3200 1388 3255 lin.
1427 3204 1476 3254 5.
1587 3207 1638 3255 9.
1675 3200 1812 3255 Pars
1847 3200 1896 3271 1]
1938 3200 2162 3255 addidit
2186 3198 2316 3255 Niz-

277 3274 414 3328 zius.
564 3277 647 3329 15.
686 3270 860 3342 enim]
908 3270 1035 3340 „ei“
1070 3269 1350 3327 Tartalea..
1496 3276 1580 3326 16.
1617 3271 1890 3327 minorem
1927 3269 2317 3341 proportione]

278 3360 394 3399 om.
434 3343 647 3401 Comm.
794 3348 880 3398 17.
916 3341 1054 3413 non]
1091 3359 1202 3412 „n,
1238 3346 1316 3398 0⁶⁴
1354 3342 1635 3399 'Pal-talea.
