2659 3967
389 134 523 201 322
882 134 1498 187 ἸΕΊῬΑΓΩΝῙΣΜΟΣ
1534 132 2003 187 ΠΑΡΑΒΟΑΗΣ.

387 276 614 347 κώνου
657 278 885 362 τομᾶς,
930 275 1043 342 καὶ
1088 272 1222 343 ἀπὸ
1269 274 1395 361 μὲν
1431 277 1553 343 τοῦ
1583 281 1640 341 Β
1676 272 1855 361 παρὰ
1895 272 2021 341 τὰν
2060 272 2437 361 διάμετρον

389 382 582 451 ἅκται
637 379 682 449 ἁ
727 389 893 467 ΒΛ,
959 379 1093 449 ἀπὸ
1151 380 1227 448 δὲ
1279 384 1403 448 τοῦ
1450 385 1515 447 Γ
1558 377 1601 447 ἆ
1651 386 1775 448 ΓΛ
1830 379 2255 461 ἐπιψαύουσα
2306 386 2437 462 τᾶς

381 494 513 559 τοῦ
565 489 793 558 κοίνου
843 492 1054 575 τομᾶς
1105 484 1272 555 κατὰ
1309 485 1405 555 -τὸ
1454 492 1531 571 Γ,
1590 484 1785 555 ἄαται
1832 487 1913 554 δέ
1951 512 2051 567 τις
2093 488 2207 555 καὶ
2252 486 2435 557 ἄλλα

795 632 868 696 Α
1410 634 2130 699 ΒΕΖΙΙΓ

389 2034 568 2121 παρὰ
625 2032 751 2103 τάν
799 2034 1161 2126 διάμετρον
1207 2032 1249 2103 ἆ
1298 2042 1469 2119 ΣΕ,
1524 2030 1645 2102 τὸν
1690 2029 1900 2101 αὐτὸν
1947 2038 2078 2121 ἔχει
2125 2032 2337 2119 λόγον
2382 2032 2430 2103 ἁ

321 2154 353 2203 5
393 2146 527 2208 ΒΓ
560 2141 714 2208 ποτὶ
759 2139 884 2209 τὰν
922 2149 1071 2228 ΒΕ,
1121 2137 1202 2210 ὃν
1250 2138 1291 2208 ἆ
1331 2148 1471 2209 ΣΕ
1510 2139 1663 2207 ποτὶ
1708 2138 1832 2208 τὰν
1871 2146 2023 2207 ΕΦ.
2098 2137 2267 2207 ὥστε
2310 2140 2430 2207 καὶ

393 2242 436 2311 ἁ
476 2253 609 2313 ΒΑ
653 2246 805 2314 ποτὶ
851 2248 975 2316 τὰν
1015 2255 1147 2316 ΒΕ
1185 2245 1307 2315 τὸν
1355 2244 1565 2315 αὐτὸν
1612 2249 1745 2335 ἔχει
1790 2244 2021 2331 λόγον,
2068 2241 2151 2313 ὃν
2188 2242 2264 2313 τὸ
2297 2253 2436 2313 ΛΕ

391 2352 741 2441 τραπέζιον
785 2353 938 2421 ποτὶ
982 2352 1059 2422 τὸ
1100 2360 1250 2423 ΚΕ.
1326 2350 1573 2441 ὁμοίως
1619 2351 1694 2420 δὲ
1741 2350 2166 2439 δειχθησέται
2211 2348 2254 2420 ἆ
2293 2359 2427 2421 AB

391 2458 544 2527 ποτὶ
606 2455 733 2527 τὰν
788 2466 915 2526 ΒΖ
971 2458 1095 2529 τὸν
1147 2456 1361 2528 αὐτὸν
1417 2463 1661 2547 ἔχουσα
1716 2458 1956 2545 λόγον,
2022 2454 2106 2527 ὃν
2160 2456 2235 2527 τὸ
2292 2465 2428 2525 ΣΖ

391 2564 740 2654 τραπέζιον
784 2566 938 2634 ποτὶ
983 2565 1059 2635 τὸ
1107 2574 1170 2635 Λ
1184 2572 1269 2651 Ζ,
1324 2565 1478 2632 ποτὶ
1525 2564 1601 2633 δὲ
1644 2563 1771 2633 τὰν
1816 2571 1985 2650 ΒΗ,
2032 2560 2115 2633 ὃν
2160 2562 2235 2633 τὸ
2290 2570 2437 2633 ΤΗ

289 2684 356 2734 10
391 2672 544 2742 ποτὶ
589 2671 666 2741 τὸ
706 2678 886 2758 ΜΗ,
931 2672 1083 2740 ποτὶ
1130 2670 1206 2740 δὲ
1248 2670 1378 2739 τάν
1412 2678 1544 2757 ΒΙ,
1592 2668 1676 2739 ὃν
1712 2669 1786 2739 τὸ
1831 2678 1942 2739 TI
1980 2670 2134 2739 ποτὶ
2169 2670 2247 2738 τὸ
2286 2678 2427 2740 ΝΙ.

394 2779 534 2847 ἐπεὶ
581 2770 709 2847 οὖν
755 2781 893 2846 ἐστι
937 2780 1290 2866 τραπέζιον
1331 2772 1409 2845 τὸ
1459 2784 1599 2843 ΛΕ
1638 2775 1756 2856 τὰς
1782 2770 1925 2864 μὲν
1971 2777 2123 2845 ποτὶ
2168 2789 2309 2857 τοῖς
2343 2784 2427 2862 Β,

395 2892 459 2951 Ε
500 2889 797 2971 σαμείοις
841 2890 1089 2971 γωνίας
1137 2882 1351 2972 ὀρθὰς
1388 2888 1566 2969 ἔχον,
1610 2884 1730 2962 τὰς
1766 2884 1843 2951 δὲ
1876 2882 2169 2971 πλευρὰς
2205 2883 2310 2953 ἐπὶ
2346 2882 2425 2951 τὸ

394 2996 459 3058 Γ
495 2988 856 3076 νευούσας,
913 2995 1262 3080 ἰσορροπεῖ
1305 2990 1386 3057 δέ
1424 3015 1487 3056 τι
1533 2994 1784 3078 χωρίον
1830 2988 2013 3084 αὐτῷ
2062 2990 2134 3058 τὸ
2168 2998 2244 3057 -P
2278 3016 2428 3079 κρε-

396 3093 697 3183 μάμενον
747 3098 820 3163 ἐκ
864 3100 986 3164 τοῦ
1033 3100 1236 3183 ζυγοῦ
1281 3094 1449 3163 κατὰ
1494 3093 1571 3165 τὸ
1620 3104 1685 3165 A
1731 3094 1943 3177 οὕτως
1988 3101 2259 3184 ἔχοντος
2301 3100 2429 3166 τοῦ

291 3216 360 3265 15
395 3206 777 3289 τραπεζίου,
835 3197 924 3281 ὥς
969 3206 1100 3270 νῦν
1145 3208 1387 3288 κείται,
1441 3206 1562 3268 καί
1602 3204 1814 3287 ἐστιν,
1870 3199 1958 3282 ὥς
2004 3199 2045 3270 ἆ
2096 3209 2229 3270 ΒΑ
2272 3202 2429 3270 ποτὶ

397 3307 523 3377 τὰν
558 3316 710 3394 ΒΕ,
759 3304 972 3387 οὕτως
1014 3306 1089 3375 τὸ
1130 3316 1198 3375 Δ
1207 3316 1271 3375 Ε
1310 3308 1659 3397 τραπέζιον
1695 3307 1848 3376 ποτὶ
1882 3305 1959 3375 τὸ
1999 3314 2156 3392 ΚΕ,
2202 3314 2432 3395 μεῖζον

543 3491 593 3538 2.
624 3504 788 3551 ηκται
816 3482 886 3551 F3
927 3500 1064 3540 corr.
1093 3482 1388 3539 Torellius.
1498 3490 1549 3539 8.
1580 3503 1767 3554 εχοντι
1785 3482 1853 3553 Ἐς
1886 3500 2025 3540 corr.
2046 3483 2107 3539 B.
2218 3490 2267 3541 9.
2298 3486 2429 3556 ΑΖ]

2603 2660 2609 2989 1

2606 3062 2608 3118 Ι
