2659 3967
1014 215 1450 273 ARENARIUS.
1977 224 1984 230 '
2115 215 2248 283 275

353 363 468 428 IV.
530 361 654 458 His
701 367 919 428 autem
962 363 1203 447 partim
1250 364 1638 449 suppositis,
1696 366 1936 449 partim
1984 365 2246 432 demon·
2287 370 2324 433 1

216 471 465 554 stratis,
494 464 909 555 propositum
947 469 1512 536 demonstrabitur.
1575 493 1724 536 nam
1764 473 2068 556 quoniam
2097 497 2246 558 sup-

215 578 509 662 positum
554 581 680 661 est,
727 576 1112 642 diametrum
1160 576 1426 641 seminis
1470 579 1818 662 papaueris
1863 602 1996 645 non
2040 581 2248 646 mino-

215 705 359 748 rem
416 705 555 748 esse
602 705 795 768 quam
838 686 1092 769 partem
1140 683 1704 768 quadragesimam
1751 687 1941 771 digiti
1989 685 2108 770 [11,
2155 689 2247 773 4]‚

218 790 508 876 adparet,
546 791 887 874 sphaeram
924 789 1310 854 diametrum
1349 791 1688 876 digitalem
1724 793 2073 858 habentem
2111 817 2246 859 ma-

216 897 424 962 iorem
478 918 609 961 non
662 917 831 980 esse,
892 916 1088 980 quam
1140 899 1215 960 ut
1266 895 1489 962 64000
1535 899 1856 962 seminum
1899 901 2245 984 papaueris

218 1003 457 1087 capiat.
521 1002 645 1067 hoc
691 1002 861 1066 enim
907 1009 1176 1068 numero
1215 1003 1554 1087 multiplex
1591 1007 1694 1068 est
1733 1025 1930 1088 quam
1969 1007 2248 1091 sphaera

216 1109 609 1174 diametrum
642 1107 891 1172 habens
928 1111 1183 1192 partem
1220 1109 1782 1195 quadragesimam
1821 1111 2029 1196 digiti.
2093 1135 2247 1178 nam

218 1215 736 1281 demonstratum
775 1218 893 1300 est,
939 1214 1251 1300 sphaeras
1286 1216 1608 1300 triplicem
1643 1217 1966 1283 rationem
2003 1218 2247 1285 habere

214 1324 392 1388 inter
437 1344 525 1407 se,
571 1342 765 1405 quam
812 1321 1111 1386 diametri
1147 1321 1432 1387 habeant
1470 1323 1680 1404 [Eucl.
1706 1323 1854 1408 XII,
1887 1327 2016 1405 18].
2090 1347 2246 1410 quo·
2284 1325 2327 1389 2

214 1429 399 1495 niam
464 1434 683 1494 autem
745 1430 871 1494 hoc
936 1451 1188 1514 quoque
1254 1430 1657 1514 suppositum
1717 1435 1844 1514 est,
1904 1453 2247 1496 numerum

216 1557 456 1601 arenae
528 1537 1045 1624 magnitudinem
1115 1535 1417 1600 habentis
1481 1536 1918 1620 magnitudini
1983 1537 2247 1602 seminis

215 1643 565 1727 papaueris
634 1643 966 1727 aequalem
1026 1641 1340 1707 maiorem
1393 1661 1521 1706 non
1579 1661 1718 1706 esse
1775 1663 1970 1726 quam
2031 1643 2248 1708 10000

221 1748 343 1834 [II,
388 1751 461 1832 4]
471 1801 490 1835 ,
547 1749 844 1835 adparet,
902 1750 957 1814 si
1013 1750 1291 1833 sphaera
1349 1747 1734 1814 diametrum
1788 1749 2037 1814 habens
2085 1749 2248 1836 digi-

216 1857 421 1922 talem
486 1879 681 1922 arena
743 1856 1170 1941 compleatur,
1232 1876 1570 1920 numerum
1636 1876 1872 1920 arenae
1935 1857 2247 1920 maiorem

216 1985 355 2029 non
405 1963 547 2030 fore
604 1985 799 2049 quam
856 1961 1271 2028 640000000.
1362 1961 1466 2027 hic
1521 1966 1739 2027 autem
1794 1966 1894 2028 est
1949 1985 2062 2029 sex
2110 1964 2249 2029 uni-

218 2075 391 2136 vates
436 2071 867 2137 secundorum
912 2091 1350 2148 numerorum,
1393 2073 1459 2134 et
1504 2073 1814 2154 quattuor
1858 2069 2068 2134 millia
2111 2091 2249 2154 my-

218 2177 477 2243 riadum
547 2177 927 2263 primorum.
1038 2197 1236 2261 quare
1308 2177 1520 2244 minor
1592 2181 1695 2242 est
1767 2199 1962 2262 quam
2027 2177 2248 2244 decem

220 2285 511 2350 unitates
558 2283 983 2349 secundorum
1030 2304 1463 2349 numerorum.
1536 2284 1814 2368 sphaera
1859 2289 2078 2348 autem
2115 2283 2248 2350 dia-

218 2394 502 2455 metrum
546 2391 795 2456 habens
832 2393 1092 2455 centum
1130 2389 1374 2475 digitos
1410 2390 1676 2477 longam
1713 2393 1971 2456 centum
2009 2391 2250 2475 myria-

223 2496 412 2562 dibus
469 2495 809 2581 multiplex
864 2499 966 2562 est
1022 2517 1215 2580 quam
1262 2496 1542 2581 sphaera
1584 2497 1971 2563 diametrum
2017 2497 2250 2582 digita-

220 2603 354 2667 lem
397 2603 666 2686 habene,
712 2604 863 2689 quia
900 2604 1217 2688 sphaerae
1254 2602 1426 2667 inter
1464 2625 1533 2667 se
1567 2603 1892 2687 triplicem
1929 2603 2250 2667 rationem

221 2709 470 2776 habent
525 2710 719 2795 quam
776 2710 1080 2776 diametri
1138 2709 1346 2790 [Eucl.
1390 2707 1544 2792 XII,
1595 2709 1723 2790 18].
1815 2709 1871 2773 si
1925 2708 2128 2792 igitur
2172 2729 2251 2771 ex

223 2835 421 2880 arena
464 2818 655 2882 tanta
698 2816 977 2901 sphaera
1022 2815 1317 2899 efficitur,
1365 2817 1608 2899 quanta
1653 2818 1753 2880 est
1797 2813 2074 2899 sphaera
2119 2812 2252 2878 dia-

217 2925 503 2986 metrum
549 2921 798 2987 habens
846 2925 1106 2988 centum
1152 2921 1396 3006 digitos
1441 2921 1735 3006 longam,
1791 2919 2087 3008 adparet,
2137 2942 2251 2985 nu-

222 3050 474 3093 merum
521 3048 752 3092 arenae
798 3027 1117 3094 minorem
1162 3027 1301 3093 fore
1345 3046 1617 3091 numero
1653 3026 2108 3112 multiplicatis
2147 3027 2251 3090 de-

223 3239 353 3276 cum
392 3237 571 3292 comp.
612 3240 677 3276 ov
714 3219 785 3288 1³⁸3
824 3237 965 3277 corr.
1000 3219 1221 3276 Wallis.
1387 3219 1502 3293 εἴη]
1541 3240 1598 3274 ιν
1632 3219 1704 3288 1⁵⁸3
1744 3235 1880 3274 corr.
1918 3219 2138 3274 Wallis.

224 3299 309 3348 19.
350 3288 596 3362 μονάδες
658 3294 931 3377 μυριαδες
958 3289 1033 3360 Ρς
1070 3307 1209 3346 corr.
1248 3290 1313 3349 A.
1424 3296 1510 3345 21.
1548 3287 1830 3416 voivffmv
1858 3288 1928 3358 1³¹3
1967 3307 2102 3344 corr.
2133 3287 2252 3344 Bo.

222 3369 311 3420 22.
350 3366 594 3432 σφαίρας
662 3362 883 3435 scnpsi3
933 3383 1045 3433 εφη
1082 3361 1142 3432 F,
1179 3361 1382 3432 nulgo;
1428 3357 1527 3416 ἐπί
1557 3359 1668 3416 Wa
1717 3362 1778 3427 's‚
1817 3361 2108 3417 Torellius.

223 3437 559 3506 μωριαδεσιν
644 3477 657 3490 .
840 3441 925 3492 23.
965 3437 1199 3505 &tapeto
1248 3450 1375 3488 cum
1417 3448 1596 3503 comp.
1637 3452 1703 3488 ον
1739 3432 1811 3498 F3
1861 3447 1996 3487 corr.
2035 3429 2253 3502 Wallis.

368 3511 523 3629 24.Βτ
562 3510 799 3561 λικαυτα
836 3503 901 3574 Ρς
953 3522 1088 3562 corr.
1127 3503 1348 3560 wallis,
1496 3509 1582 3559 27.
1621 3505 2152 3558 πολλαπλασθεισαν
2180 3501 2251 3569 Γς

221 3595 363 3635 corr.
404 3579 461 3636 A·
569 3621 582 3634 .

1829 3663 1935 3717 18*
