2659 3967
402 189 531 254 176
585 192 973 243 ΕΠΙΠΕΔΩΝ
1008 192 1240 245 ῙΣΟΡΡ.
1276 193 1332 241 Η
1368 191 1654 243 ΚΕΝΤΡΑ
1687 191 1930 242 ΒΑΡΩΝ
1967 192 2175 242 ΕΠΙΠ.
2211 184 2294 241 Α’.

399 351 542 400 σων
588 337 707 411 τᾶς
743 338 874 400 ΘΙ·
938 331 1050 399 καὶ
1098 331 1450 421 διῃρήσθω
1501 333 1775 414 ἑκατέρα
1820 335 1947 399 τᾶν
1984 339 2144 416 ΒΔ,
2193 336 2335 398 ΔΓ
2379 333 2453 411 ἐς

398 437 518 517 τὰς
566 446 735 524 ἴσας,
782 440 893 506 καὶ
941 438 1052 507 διὰ
1102 443 1226 507 τᾶν
1271 443 1488 525 τομᾶν
1529 436 1708 527 παρὰ
1746 435 1872 506 τὰν
1909 448 1974 506 A
1986 446 2053 505 A
2089 437 2448 526 ἅχθωσαν,

400 544 513 611 καὶ
569 545 1076 633 ἐπεζεύχθωσαν
1132 547 1207 612 αἰ
1248 552 1403 632 ΕΖ,
1451 551 1626 631 ΗΚ,
1674 551 1844 613 AM.
1936 543 2292 613 έσσούνται
2351 543 2446 631 δὴ

402 647 601 719 αὐταὶ
656 651 835 741 παρὰ
880 651 1006 720 τὰν
1053 658 1110 718 Β
1123 657 1193 719 Γ.
1266 656 1391 719 τοῦ
1439 649 1523 738 δὴ
1569 651 2272 739 παραλληλογράμμου
2315 655 2450 718 τοῦ

329 773 363 823 ὅ
402 756 527 844 μὲν
583 765 748 825 ΜΝ
803 757 878 826 τὸ
944 760 1223 845 κέντρον
1290 757 1428 826 ἐστὶ
1482 762 1606 826 τοῦ
1664 758 1907 845 βάρεος
1962 758 2068 827 ἐπὶ
2122 761 2239 837 τᾶς
2289 763 2447 843 ΤΣ,

401 868 524 933 τοῦ
584 864 659 932 δὲ
704 872 775 932 Κ
781 867 843 942 Ξ
881 863 957 932 τὸ
1003 866 1283 952 κέντρον
1328 869 1453 932 τοῦ
1500 864 1744 953 βάρεος
1789 863 1895 933 ἐπὶ
1940 868 2058 944 τᾶς
2111 871 2260 950 TY,
2317 869 2446 932 τοῦ

404 969 482 1037 δὲ
518 957 645 1038 ΖΟ
691 973 797 1039 ἐπὶ
842 976 962 1050 τᾶς
1006 977 1153 1038 ΤΔ.
1214 975 1339 1038 τοῦ
1387 967 1519 1060 ἄρα
1565 973 1638 1038 ἐκ
1682 971 1956 1039 πάντων
2004 972 2449 1057 συγκειμένου

403 1077 723 1161 μεγέθεος
780 1074 857 1143 τὸ
918 1078 1198 1165 κέντρον
1257 1081 1381 1144 τοῦ
1441 1075 1686 1165 βάρεός
1741 1078 1920 1145 ἐστιν
1977 1078 2082 1146 ἐπὶ
2135 1080 2254 1157 τᾶς
2301 1083 2450 1143 ΣΔ

404 1179 693 1266 εὐθείας.
768 1188 934 1252 ἔστω
983 1181 1067 1270 δὴ
1115 1180 1192 1251 τὸ
1236 1189 1309 1268 Ρ,
1356 1183 1468 1249 καὶ
1516 1181 1888 1269 ἐπεζεύχθω
1936 1179 1979 1250 ἁ
2019 1189 2139 1250 ΡΘ
2181 1183 2292 1250 καὶ
2341 1184 2448 1250 έκ-

298 1304 365 1354 10
402 1286 793 1375 βεβλήσθω,
853 1289 965 1356 καὶ
1024 1287 1222 1377 ἅχθω
1283 1287 1464 1377 παρὰ
1517 1289 1647 1377 τάν
1692 1298 1758 1357 A
1770 1297 1837 1356 A
1890 1287 1933 1356 ἆ
1983 1295 2130 1358 ΓΦ.
2222 1287 2296 1357 τὸ
2357 1287 2444 1376 δὴ

402 1403 468 1462 A
480 1401 546 1461 A
556 1401 622 1462 Γ
665 1401 1000 1483 τρίγωνον
1054 1395 1207 1462 ποτὶ
1263 1394 1483 1463 πάντα
1535 1393 1616 1462 τὰ
1664 1401 1961 1483 τρίγωνα
2006 1393 2088 1462 τὰ
2135 1392 2268 1463 ἀπὸ
2316 1399 2446 1462 τᾶν

403 1509 585 1588 AM,
633 1507 817 1587 ΜΚ,
865 1508 1019 1586 ΚΖ,
1069 1507 1200 1568 ΖΓ
1236 1502 1795 1591 ἀναγεγραμμένα
1842 1498 2045 1589 ὁμοῖα
2090 1506 2181 1594 τῷ
2231 1507 2457 1568 ΑΔΓ

401 1612 646 1677 τοῦτον
694 1612 824 1695 ἔχει
871 1605 991 1677 τὸν
1036 1607 1276 1695 λόγον,
1333 1605 1416 1676 ὃν
1464 1612 1596 1695 ἔχει
1641 1606 1684 1674 ἆ
1732 1614 1854 1676 ΓΑ
1897 1608 2050 1676 ποτὶ
2097 1614 2277 1694 ΛΜ,
2327 1605 2444 1675 διὰ

402 1713 478 1782 τὸ
536 1722 685 1794 ἴσας
732 1711 915 1800 εἶμεν
961 1713 1080 1794 τὰς
1125 1723 1307 1802 AM,
1357 1721 1542 1800 MK,
1590 1719 1732 1800 ΖΓ,
1778 1721 1931 1782 ΚΖ.
2024 1715 2163 1783 ἐπεὶ
2210 1713 2285 1783 δὲ
2329 1713 2447 1781 καὶ

297 1835 364 1886 15
402 1820 478 1889 τὸ
518 1830 583 1888 A
594 1828 727 1889 AB
774 1827 1108 1909 τρίγωνον
1154 1823 1308 1890 ποτὶ
1355 1821 1575 1889 πάντα
1618 1818 1701 1889 τὰ
1747 1819 1878 1889 ἀπὸ
1925 1825 2050 1889 τᾶν
2089 1828 2247 1908 ΑΛ,
2286 1827 2446 1907 ΛΗ,

401 1934 570 2013 ΗΕ,
634 1934 758 1995 ΕΒ
824 1925 1384 2018 ἀναγεγραμμένα
1449 1926 1650 2015 ὁμοῖα
1703 1933 1999 2015 τρίγωνα
2051 1926 2173 1997 τὸν
2230 1925 2446 1994 αὐτὸν

403 2038 535 2121 ἔχει
580 2032 814 2119 λόγον,
861 2030 942 2103 ὃν
990 2031 1032 2102 ἆ
1079 2043 1213 2102 ΒΛ
1258 2035 1411 2102 ποτὶ
1460 2042 1616 2121 ΑΛ,
1661 2034 1737 2103 τὸ
1786 2033 1920 2123 ἄρα
1965 2041 2173 2103 ΑΒΓ
2208 2041 2448 2123 τρίγω-

402 2165 529 2207 νον
574 2139 729 2207 ποτὶ
773 2139 993 2207 πάντα
1037 2138 1118 2207 τὰ
1166 2141 1486 2229 εἰρημένα
1530 2147 1825 2229 τρίγωνα
1867 2145 2113 2209 τοῦτον
2151 2145 2283 2229 ἔχει
2319 2140 2447 2209 τὸν

404 2245 645 2332 λόγον,
714 2244 797 2314 ὃν
863 2250 994 2333 ἔχει
1049 2243 1092 2313 ἆ
1150 2253 1273 2314 ΓΑ
1327 2245 1479 2314 ποτὶ
1526 2255 1696 2315 AM.
1787 2245 1958 2316 ἀλλὰ
2015 2245 2057 2314 ἆ
2115 2253 2236 2315 ΓΑ
2289 2248 2446 2316 ποτὶ

295 2367 367 2417 20
405 2358 570 2420 AM
604 2357 875 2438 μείζονα
921 2352 1128 2438 λόγον
1177 2359 1331 2442 ἔχει,
1379 2353 1547 2443 ἤπερ
1587 2352 1628 2422 ἆ
1675 2362 1808 2422 ΦΡ
1834 2352 1987 2421 ποτὶ
2026 2361 2160 2422 ΡΘ.
2235 2351 2272 2421 ὁ
2309 2352 2446 2442 γὰρ

404 2461 521 2538 τᾶς
564 2465 687 2526 ΓΑ
740 2458 893 2526 ποτὶ
939 2465 1103 2527 AM
1146 2460 1351 2546 λόγος
1407 2457 1443 2528 ὁ
1491 2457 1694 2541 αὐτός
1740 2463 1878 2528 ἐστι
1923 2464 2014 2552 τῷ
2067 2458 2280 2545 [ὅλας]
2329 2465 2450 2542 τᾶς

409 2572 543 2632 ΦΡ
592 2565 745 2634 ποτὶ
793 2572 931 2633 ΡΠ
984 2566 1096 2634 διὰ
1157 2566 1234 2635 τὸ
1294 2563 1497 2654 ὁμοῖα
1553 2564 1737 2654 εἶμεν
1791 2565 1874 2635 τὰ
1927 2570 2238 2654 τρίγωνα.
2331 2568 2447 2634 καὶ

401 2670 479 2739 τὸ
510 2677 718 2740 ΑΒΓ
744 2671 876 2762 ἄρα
912 2679 1248 2763 τρίγωνον
1284 2675 1437 2743 ποτὶ
1471 2672 1552 2741 τὰ
1585 2674 1902 2762 εἰρημένα
1930 2678 2202 2760 μείζονα
2230 2672 2446 2760 λόγον

550 2892 597 2939 1.
638 2887 762 2969 ΘΙ]
806 2888 958 2940 ΘΙΕ
994 2884 1413 2956 Fv.w·1v]
1451 2904 1564 2939 των
1599 2901 1702 2954 per
1739 2901 1920 2954 comp.
1957 2883 2028 2950 F;
2069 2900 2210 2941 corr.
2249 2885 2450 2942 Torel-

402 2955 533 3024 lius,
569 2959 635 3010 ub
670 2956 887 3025 lin.11,
928 2963 1011 3012 15.
1122 2962 1171 3013 2.
1210 2976 1324 3011 των
1361 2975 1547 3026 τομων
1583 2955 1646 3023 Ἐ,
1683 2955 1872 3025 uulgo,
1984 2961 2035 3010 3.
2076 2975 2344 3012 εσουνται
2371 2958 2445 3026 Ἐ·

404 3043 543 3083 corr.
583 3027 878 3082 Torellius.
990 3033 1039 3082 ⁷.
1080 3028 1208 3098 ΖΟ]
1250 3029 1356 3081 ΖΘ
1390 3027 1514 3081 Fv.
1627 3033 1675 3082 9.
1717 3024 1856 3081 ἔστω
1925 3043 2082 3081 εσται
2115 3045 2220 3098 per
2257 3043 2444 3099 comp.

403 3096 473 3160 Ἐς
524 3114 661 3152 corr.
702 3097 997 3153 TorelliuS.
1185 3104 1268 3153 13.
1306 3117 1448 3166 προς
1485 3116 1586 3168 per
1624 3114 1804 3167 comp.
1897 3119 1912 3164 ς
1961 3114 2100 3154 corr.
2142 3099 2445 3169 TorelliuS,

401 3135 473 3222 ut,
501 3168 600 3223 lin.
643 3174 735 3236 17,
777 3175 841 3223 19
878 3169 992 3237 bis,
1032 3175 1127 3236 20,
1166 3175 1263 3237 21,
1300 3174 1396 3238 22,
1437 3176 1523 3227 23.
1687 3174 1770 3223 14.
1811 3188 1960 3223 ειναι
2005 3186 2107 3240 per
2143 3185 2270 3225 com
2213 3171 2428 3296 Ἤρ

407 3255 546 3294 corr.
586 3239 878 3294 Torellius.
1024 3241 1184 3312 MK]
1224 3212 1344 3294 ΜΖ
1379 3241 1448 3329 F,
1489 3257 1628 3295 corr.
1668 3239 1770 3295 B*.
1907 3244 2030 3306 KZ,
2074 3239 2258 3295 ΖΓΒ
2301 3282 2316 3310 ,

362 3310 597 3376 Basil„
638 3310 929 3366 Torellius.
1069 3317 1151 3365 19.
1192 3306 1333 3366 ἀλλὰ
1372 3308 1411 3367 ἆ
1453 3316 1545 3366 ΓΑ
1582 3310 1712 3367 ποτὶ
1748 3315 1878 3364 ΑΜ
1903 3310 1966 3364 in
2003 3329 2055 3365 ιιι
2104 3311 2216 3367 .Ἐ.
2353 3319 2444 3370 21.

406 3375 569 3506 ὅλΙοΙις]
610 3381 771 3437 deleo
808 3398 935 3436 cum
972 3381 1226 3438 EutociO.
1375 3389 1461 3439 22.
1499 3401 1651 3438 ειναι
1686 3387 1804 3452 per‘
1822 3396 2005 3451 comp.
2099 3406 2113 3450 ς
2153 3400 2295 3438 corr.
2333 3384 2449 3439 To-

405 3468 465 3506 re
512 3471 616 3508 ms.
