2659 3967
999 763 1454 886 Problcum⁵

206 954 377 1037 quod
424 953 846 1019 Archimedes
900 953 1155 1019 inuenit
1210 956 1277 1017 et
1329 953 1400 1019 in
1458 954 1930 1040 epigrammate
1977 954 2060 1019 ad
2109 976 2238 1039 eoae,

204 1060 316 1144 qui
372 1060 805 1126 Alexandriae
863 1059 1181 1125 eiusmodi
1237 1057 1441 1125 rebus⁴
1489 1061 1868 1145 studebant,
1931 1061 2109 1127 misit
2167 1062 2237 1125 in

480 1168 762 1252 epistula
810 1166 893 1233 ad
934 1166 1444 1233 Eratosthenem
1491 1164 1949 1251 Cyrenensem.

331 1342 820 1411 Multitudinem
867 1345 1064 1409 boum
1112 1340 1310 1427 solie,
1355 1344 1622 1429 hospes,
1671 1346 2042 1429 computato
2091 1345 2232 1419 dili-

200 1449 491 1535 gentiam
526 1450 888 1534 -adhibenS,
948 1450 1006 1515 si
1050 1449 1410 1535 sapientiae
1453 1452 1784 1535 particeps
1833 1472 1926 1533 es,
1988 1456 2234 1536 quanta

196 1554 523 1639 quondam
568 1556 649 1619 in.
685 1556 932 1640 campis
977 1555 1366 1622 Thrinaciae
1412 1552 1666 1621 Siculae
1711 1556 1962 1622 insulae
2008 1578 2229 1640 pasce-

194 1666 374 1725 retur
417 1661 487 1725 in
534 1667 845 1746 quattuor
890 1682 1120 1747 greges
1167 1662 1382 1727 diuisa
1419 1663 1636 1728 colore
1673 1663 1984 1747 diuersOS,
2029 1684 2229 1729 unum

192 1769 381 1834 lactis
428 1768 563 1833 albi
612 1769 857 1853 colore,
904 1770 1179 1835 alterum
1226 1769 1522 1834 caeruleo
1566 1769 1915 1853 nitentem,
1959 1768 2228 1833 tertium

190 1875 451 1959 flauum,
496 1878 801 1958 quartum
845 1876 1125 1941 uarium.
1206 1875 1279 1941 in
1326 1874 1602 1959 singulis
1647 1878 1866 1941 autem
1913 1874 2224 1961 gregibus

188 1982 364 2046 tauri
411 1986 596 2046 erant
640 2003 911 2047 numero
956 1981 1338 2065 praeualidi,
1382 1982 1552 2046 hanc
1597 1982 1919 2047 rationem
1965 2004 2223 2047 seruan-

188 2093 318 2152 tes:
362 2087 553 2171 finge,
600 2087 859 2171 hospes,
906 2086 1090 2152 albos
1136 2110 1408 2155 numero
1457 2088 1760 2174 aequales
1807 2087 2110 2153 dimidiae
2157 2090 2224 2151 et

187 2194 419 2259 tertiae
463 2192 763 2277 partibus
808 2196 1146 2258 taurorum
1194 2194 1636 2259 caeruleorum
1683 2195 1750 2258 et
1787 2192 1979 2257 simul
2015 2193 2222 2258 omni-

185 2301 309 2366 bus
363 2300 553 2367 flauis
563 2350 582 2381 ,
636 2299 971 2365 caeruleos
1016 2303 1235 2365 autem
1282 2304 1552 2385 quartae
1599 2302 1665 2365 et
1710 2299 1975 2385 quintae
2023 2298 2222 2383 parti-

183 2407 304 2472 bus
364 2407 700 2473 uariorum
759 2408 825 2470 et
878 2410 1218 2489 praeterea
1270 2406 1462 2473 flauis
1520 2406 1840 2472 omnibus.
1931 2405 2218 2490 reliquos

185 2518 403 2579 autem
462 2512 683 2579 uarios
738 2511 886 2577 uide
942 2515 1163 2577 sextae
1219 2516 1285 2576 et
1331 2512 1648 2597 septimae
1693 2510 1992 2596 partibus
2040 2509 2217 2575 albo-

182 2640 327 2683 rum
374 2623 441 2683 et
484 2640 709 2685 rursus
757 2618 1059 2683 omnibus
1106 2618 1294 2683 flauis
1343 2618 1665 2703 aequales.
1735 2617 1805 2680 in
1851 2614 2066 2681 uaceis
2103 2636 2216 2680 au-

180 2730 317 2790 tem
362 2725 485 2790 hae
532 2727 719 2788 erant
762 2724 1083 2790 rationes·
1131 2724 1319 2789 albae
1365 2724 1604 2789 tertiae
1637 2725 1719 2786 et
1764 2722 2030 2806 quartae
2067 2743 2212 2806 par-

179 2831 355 2895 tibus
415 2830 621 2895 totius
678 2831 899 2915 gregis
954 2829 1231 2894 caerulei
1278 2829 1577 2913 aequales
1627 2832 1834 2911 erant,
1880 2828 2212 2893 caeruleae

181 2938 397 3003 autem
447 2931 717 3019 quartae
766 2938 833 2999 et
876 2935 1135 3015 quintae
1182 2934 1378 3000 simul
1423 2934 1720 3018 partibus
1757 2934 2090 2998 uariorum
2128 2934 2206 2997 si·

178 3074 409 3146 cingius.
566 3078 615 3127 8.
652 3068 865 3145 πλήθει
902 3071 1177 3127 Struuius.
1326 3077 1411 3127 12.
1448 3070 1694 3145 τετάρτω
1734 3072 1855 3126 cod.
1895 3070 2207 3139 Guelferbq

179 3163 317 3201 corr.
363 3144 698 3232 Lessingius.
870 3162 929 3198 τε
978 3160 1085 3197 om.
1136 3144 1259 3199 cod.
1302 3141 1609 3211 Θιιθὶίθτὶη
1658 3159 1799 3199 corr.
1836 3142 2204 3198 Hermannus.

180 3224 261 3271 13.
300 3234 673 3287 mentonem*
710 3214 994 3271 Strauius.
1157 3215 1299 3271 πᾶσι
1343 3213 1676 3297 Lessingius
1716 3230 1846 3269 cum
1891 3212 2207 3301 Guelferm

176 3304 315 3343 corr.
354 3288 723 3343 Hermannus.
862 3292 946 3341 14.
985 3283 1388 3356 ποικιλόχροας
1421 3284 1764 3355 Lessingius.
1894 3290 1977 3339 16.
2017 3256 2207 3355 αὖτιςζῑ

174 3360 551 3426 Hermannus3
598 3352 812 3421 αὖτοός
848 3356 1173 3443 Lessingius
1210 3372 1340 3413 cum
1377 3356 1656 3412 Guelferb.
1805 3360 2013 3411 1'1-26
2053 3354 2207 3409 delet

175 3428 519 3487 Vincentius.
701 3435 787 3484 19.
833 3422 1079 3502 τετάρτῳ
1130 3428 1250 3483 cod.
1298 3426 1610 3495 Guelferm
1669 3442 1806 3482 corr.
1854 3425 2204 3497 Lessingius·

173 3500 313 3557 item
345 3500 443 3559 lin.
482 3506 568 3557 20.

1771 3585 1882 3642 29*
