2659 3967
1000 153 1443 210 ARENARIUS.
2105 157 2231 223 281

206 302 274 364 et
345 299 651 383 quoniam
724 297 943 364 decem
1016 300 1338 384 myriades
1409 303 1750 367 tertiorum
1819 324 2236 369 numerorum

207 406 555 472 uicesimus
622 405 941 472 secundus
1008 407 1091 472 ab
1147 407 1395 472 unitate
1451 428 1758 474 numerus
1817 413 1915 474 est
1967 410 2037 476 in
2089 393 2234 496 pro·

206 514 525 597 portione,
574 517 641 579 et
684 517 941 578 eentum
986 514 1309 598 myriades
1357 517 1669 598 septimus
1717 520 1818 582 est
1863 519 1946 584 ab
1986 519 2234 583 unitate

207 620 273 684 in
336 620 559 685 eadem
614 621 1063 705 proportione,
1118 621 1409 706 adparet,
1464 623 1848 706 productum
1895 623 2036 689 fore
2085 624 2238 689 duo-

208 727 687 792 detricesimum
726 729 807 793 ab
845 728 1101 793 unitate
1145 728 1215 792 in
1252 728 1474 792 eadem
1511 731 1948 814 proportione.
2002 730 2235 795 horum

208 837 425 897 autem
482 833 720 918 uiginti
781 839 928 900 octo
988 834 1184 919 primi
1242 839 1390 900 octo
1446 856 1594 900 eum
1648 837 1900 902 unitate
1954 837 2004 900 ii
2065 839 2236 922 sunt,

208 941 323 1024 qui
368 941 562 1023 primi
607 946 951 1027 uocantur,
1007 946 1153 1007 octo
1201 945 1416 1007 autem
1465 949 1806 1027 sequentes
1853 950 1934 1032 ii‚·
1983 950 2094 1032 qui
2142 971 2234 1014 se-

208 1045 403 1110 cundi
452 1051 788 1132 uocantur,
834 1051 904 1112 et
949 1053 1095 1113 oeto
1142 1049 1370 1114 deinde
1417 1055 1756 1136 sequentes
1793 1053 1860 1136 ii,
1906 1056 2014 1138 qui
2050 1054 2233 1119 tertii

204 1158 541 1237 uocantur,
586 1154 820 1237 reliqui
859 1159 1076 1220 autem
1114 1160 1425 1240 quattuor
1462 1179 1540 1222 ex
1576 1159 1677 1242 iis,
1724 1161 1835 1242 qui
1875 1159 2088 1243 quarti
2123 1181 2233 1225 uo-

205 1262 465 1341 cantur,
520 1263 585 1323 et
635 1259 905 1324 ultimus
953 1282 1175 1325 eorum
1220 1262 1398 1326 mille
1444 1265 1727 1328 unitates
1777 1268 1928 1329 sunt
1973 1269 2232 1350 quarto—

203 1385 353 1428 rum
396 1384 832 1430 numerorum.
904 1365 1319 1430 manifestum
1357 1370 1459 1431 est
1493 1368 1713 1452 igitur,
1749 1369 2232 1436 multitudinem

206 1491 445 1534 arenae
526 1472 1041 1557 magnitudinem
1121 1472 1424 1537 habentis
1507 1475 1842 1558 aequalem
1917 1475 2233 1559 sphaerae

204 1576 596 1642 diametrum
662 1576 933 1642 habenti
996 1582 1257 1643 eentum
1320 1578 1533 1643 stadia
1595 1581 1858 1665 longam
1913 1581 2232 1646 minorem

204 1705 349 1748 esse
396 1705 590 1768 quam
636 1684 820 1748 mille
852 1685 1137 1749 unitates
1176 1689 1553 1768 quartorum
1589 1705 2020 1752 numerorum.
2094 1709 2231 1751 rur·
2272 1700 2308 1763 7

206 1811 317 1853 su·
365 1795 583 1855 autem
632 1775 927 1874 sphaera*
950 1791 1336 1856 diametrum
1373 1791 1590 1856 decem
1629 1792 1838 1856 millia
1876 1792 2233 1858 stadiorum

202 1897 471 1982 longam
508 1897 757 1962 habens
796 1900 1055 1962 eentum
1092 1898 1491 1982 myriadibus
1529 1898 1864 1983 multiplex
1903 1901 2002 1987 est
2039 1921 2232 1984 quam

206 2003 485 2088 sphaera
530 2005 917 2070 diametrum
966 2008 1223 2069 eentum
1274 2004 1485 2070 stadia
1530 2006 1796 2090 longam
1837 2005 2103 2071 habens.
2177 2005 2234 2069 si

202 2112 407 2196 igitur
471 2133 547 2175 ex
612 2134 808 2177 arena
869 2117 1058 2178 tanta
1122 2111 1401 2195 sphaera
1458 2111 1736 2178 efficitur
1750 2163 1768 2197 ,
1833 2116 2080 2196 quanta
2134 2115 2235 2176 est

205 2216 485 2302 sphaera
548 2217 932 2283 diametrum
998 2219 1215 2283 decem
1278 2218 1486 2282 millia
1549 2218 1902 2284 stadiorum
1965 2219 2229 2304 longam

203 2323 484 2407 habene,
526 2323 833 2408 ‚adparet,
890 2345 1231 2389 numerum
1284 2346 1516 2390 arenae
1573 2326 1885 2390 minorem
1932 2324 2070 2389 fore
2114 2347 2234 2391 nu-

203 2452 385 2495 mero
440 2431 621 2495 mille
675 2432 1039 2496 unitatibus
1096 2435 1475 2517 quartorum
1518 2453 1932 2498 numerorum
1981 2435 2047 2495 et
2091 2453 2232 2496 een·

202 2542 347 2601 tum
414 2537 814 2623 myriadibus
872 2539 1325 2623 multiplicatis
1386 2544 1550 2604 orto,
1640 2540 1947 2624 quoniam
2014 2543 2230 2602 autem

203 2644 388 2708 mille
442 2645 729 2710 unitates
776 2649 1153 2729 quartorum
1198 2655 1614 2709 numerorum
1661 2644 2232 2709 duodetricesimus

204 2753 308 2814 est
352 2751 435 2815 ab
482 2752 736 2817 unitate
773 2773 1077 2817 numerus
1111 2753 1182 2816 in
1218 2751 1659 2836 proportione,
1703 2754 1768 2814 et
1802 2752 2056 2814 eentum
2096 2771 2230 2833 my·
2301 2810 2308 2818 .

202 2857 416 2922 riades
464 2858 781 2941 septimus
828 2859 910 2923 ab
958 2860 1210 2923 unitate
1254 2857 1328 2921 in
1374 2857 1598 2922 eadem
1644 2856 2080 2940 proportione,
2126 2856 2234 2921 ad·

202 2969 409 3049 paret,
454 2965 843 3049 productum
887 2965 1029 3030 fore
1072 2965 1473 3030 tricesimum
1517 2967 1819 3049 quartum
1857 2964 1940 3028 ab
1976 2965 2230 3028 unitate

201 3069 271 3134 in
318 3070 540 3134 eadem
577 3071 1016 3156 proportione.
1087 3071 1321 3136 horum
1361 3075 1578 3135 autem
1613 3069 1888 3155 triginta
1924 3071 2231 3154 quattuor

202 3211 2231 3222 ..w—Q*—

204 3313 332 3352 eum
370 3313 669 3382 comp—mv
704 3299 765 3355 F.
794 3364 811 3385 ,
928 3305 1014 3354 23.
1054 3298 1494 3383 μυριαὸεσινᾞς
1533 3317 1670 3356 corr.
1710 3297 1773 3354 B.
1927 3302 2012 3381 2.⁵·
2053 3298 2232 3368 μαὸος

203 3368 306 3495 {a
340 3375 495 3496 agga
511 3370 684 3511 81³2ng
696 3371 1329 3510 ὦέἶῖξέςίαέῃξηξτᾏ
1370 3388 1530 3441 Signo
1567 3372 1840 3442 adposito,
1878 3383 1970 3423 otu
2006 3385 2230 3438 respon-
