2659 3967
384 191 474 256 94
1142 196 1319 248 mm
1353 192 1650 246 ΕΑῐΚῼΝ.

1925 265 1941 296 ἱ

521 341 687 406 ἔστω
752 339 918 422 ἕλιξ,
986 333 1090 423 ἐφ’
1152 327 1235 415 οἷς
1298 332 1344 402 ἁ
1406 341 1774 421 ΑΒΓΔΕ,
1849 337 1924 403 ἐν
1987 339 2070 424 τᾷ
2135 337 2425 426 δευτέρᾳ

384 447 721 532 περιφορᾷ
774 443 1214 532 γεγραμμένα.
1314 443 1427 509 καὶ
1483 447 1649 510 ἔστω
1709 441 1786 510 τὸ
1845 441 1968 528 μὲν
2023 449 2082 510 Θ
2135 457 2420 530 σαμετον

384 547 558 638 ἀρχὰ
619 555 738 630 τᾶς
796 551 1042 635 ἕλικος,
1100 545 1142 615 ἆ
1204 547 1281 616 δὲ
1325 555 1459 616 ΑΘ
1517 547 1688 637 ἀρχὰ
1747 552 1868 628 τᾶς
1911 553 2309 636 περιφορᾶς,
2371 547 2418 616 ἆ

387 656 465 724 δὲ
509 664 643 724 ΕΑ
696 654 741 724 ἁ
796 658 1075 744 δευτέρα
1132 652 1370 724 εὐθεῖα
1423 659 1552 722 τᾶν
1609 658 1682 723 ἐν
1725 658 1809 744 τᾷ
1855 652 2027 744 ἀρχᾷ
2073 659 2192 734 τᾶς
2233 678 2418 742 περι-

314 775 346 824 5
386 766 622 850 φορᾶς.
724 759 761 830 ὁ
826 761 905 829 δὲ
958 768 1173 830 ΑΖΗ
1233 761 1478 841 κύκλος
1544 765 1710 828 ἔστω
1767 760 2110 849 δεύτερος,
2173 761 2287 828 καὶ
2341 765 2428 828 αῖ

383 874 598 937 ΑΓΗ
604 919 623 953 ,
695 873 807 934 ΖΙ
873 868 1217 954 διαμέτροι
1290 864 1504 934 αὐτοῦ
1578 865 1728 935 ποτ’
1799 865 2015 955 ὀρθὰς
2077 863 2420 947 ἅλλοὶλαις.

382 973 589 1042 πάλιν
653 965 783 1042 οὖν
847 976 1003 1060 δίχα
1060 974 1471 1060 τεμνομένας
1529 977 1650 1053 τᾶς
1713 970 1929 1061 ὀρθᾶς
1988 979 2240 1060 γωνίας
2300 975 2415 1042 καὶ

384 1084 507 1148 τοῦ
551 1089 805 1167 τομέως
848 1084 971 1148 τοῦ
1016 1077 1143 1146 τάν
1180 1077 1406 1168 ὀρθὰν
1451 1085 1710 1166 γωνίαν
1747 1080 2172 1167 περιέχοντος
2207 1082 2410 1148 ἐσσεί-

383 1210 493 1254 ται
536 1183 615 1254 τὸ
660 1185 1229 1273 καταλειπόμενον
1276 1191 1564 1254 ἔλασσον
1607 1189 1732 1254 τοῦ
1776 1188 2239 1274 προτεθέντος.
2301 1186 2416 1254 καὶ

281 1307 349 1356 10
387 1297 552 1360 ἔστω
606 1293 1047 1379 γεγενημένος
1102 1289 1139 1360 ὁ
1187 1299 1322 1360 ΘΚ
1329 1300 1397 1359 Α
1446 1289 1689 1379 τομεὺς
1735 1291 2037 1360 ἐλάσσων
2082 1298 2205 1361 τοῦ
2251 1317 2416 1380 προ-

384 1399 713 1478 τεθέντος.
770 1402 1234 1486 διαιρεθεισᾶν
1279 1397 1367 1484 δὴ
1415 1402 1541 1466 τᾶν
1587 1396 1815 1487 ὀρθᾶν
1859 1404 2120 1486 γωνιᾶν
2157 1404 2251 1480 εἰς
2294 1396 2418 1478 τὰς

386 1513 536 1585 ἴσας
592 1510 843 1610 γωνίας
906 1508 989 1592 τᾷ
1054 1501 1187 1572 ὑπὸ
1258 1508 1387 1572 τᾶν
1433 1511 1597 1590 ΚΘ,
1662 1512 1784 1573 ΘΑ
1837 1506 1950 1573 καὶ
2002 1509 2140 1574 τῶν
2187 1501 2420 1573 αλλων

383 1612 1066 1682 κατασκευασθέντων
1102 1609 1269 1679 κατὰ
1317 1609 1398 1678 τὰ
1448 1608 1615 1679 αὐτὰ
1662 1624 1803 1691 τοῖς
1840 1611 2168 1702 πρότερον
2206 1614 2417 1680 ἐσσεί-

384 1745 493 1788 ται
555 1719 631 1787 τὸ
698 1719 1310 1807 περιγεγραμμένον
1384 1721 1605 1805 σχῆμα
1675 1721 1798 1784 τοῦ
1873 1720 2422 1806 ἐγγεγραμμένου

282 1838 348 1886 15
386 1825 718 1914 σχήματος
754 1831 978 1913 μεῖζον
1016 1821 1434 1908 ἐλάσσονι,’“
1392 1851 1434 1910 η
1475 1821 1511 1891 ὁ
1549 1820 1790 1911 τομεὺς
1827 1821 1863 1892 ὅ
1909 1831 2045 1892 ΘΚ
2054 1835 2135 1892 A.
2190 1830 2420 1912 μεῖζον

386 1930 513 2020 γὰρ
562 1930 846 2000 ἐσσείται
892 1935 974 2020 τᾷ
1021 1928 1343 2019 ὑπεροχᾷ,
1392 1921 1436 2020 ᾇ
1481 1926 1785 2018 ὑπερέχει
1833 1926 1870 1997 ὁ
1918 1937 2053 1998 ΘΚ
2061 1939 2128 1998 Α
2170 1929 2422 2018 τομεὺς

384 2043 507 2107 τοῦ
557 2044 765 2106 ΘΕΡ.

1148 2215 1537 2266 ΠΟΡΙΣΜΑ
1570 2209 1653 2268 A'.

520 2324 732 2406 δῆλον
788 2312 938 2405 οὖν,
1005 2317 1107 2388 ὅτι
1164 2319 1461 2388 δυνατόν
1516 2317 1654 2388 ἐστι
1708 2321 1822 2388 καὶ
1875 2319 1951 2388 τὸ
1999 2320 2420 2410 περιγραφὲν

279 2439 347 2488 2ο
386 2428 604 2513 σχῆμα
656 2427 779 2493 τοῦ
834 2425 1216 2511 λαφθέντος
1275 2431 1528 2514 χωρίου
1583 2431 1808 2512 μεῖζον
1865 2423 2049 2514 εἶμεν
2095 2426 2418 2496 ἐλάσσονι.

385 2529 635 2612 παντὸς
678 2536 800 2600 τοῦ
838 2533 1283 2621 προτεθέντος
1318 2537 1595 2621 χωρίου,
1641 2532 1754 2598 καὶ
1790 2531 1993 2600 πάλιν
2029 2529 2106 2600 τὸ
2144 2533 2416 2619 λαφθὲν

384 2643 636 2726 χωρίον
680 2643 906 2724 μεῖζον
953 2634 1136 2724 εἶμεν
1170 2641 1294 2704 τοῦ
1343 2638 1793 2726 ἐγγραφέντος
1839 2637 2174 2756 σχήματος
2221 2639 2416 2707 ἐλασ-

386 2764 537 2814 σονι
584 2742 832 2824 παντὸς
874 2743 997 2811 τοῦ
1045 2745 1490 2832 προτεθέντος
1535 2749 1804 2832 χωρίου.

528 2912 577 2959 6.
616 2905 820 2975 ΑΓΗ]
859 2901 1124 2970 oePHF3
1162 2919 1301 2958 corr.
1332 2902 1524 2968 ACD3
1565 2902 1772 2973 ΓΗΒ,
1811 2904 1896 2960 ed.
1925 2903 2124 2970 Basil.;
2161 2904 2416 2960 AHTo-

383 2975 593 3031 rellius.
755 2970 913 3045 ποτ’]
961 2994 1099 3042 προς
1134 2992 1236 3044 per
1271 2990 1450 3043 comp.
1490 2974 1558 3040 F3
1606 2991 1746 3029 corr.
1785 2975 2080 3030 Torellius.
2246 2979 2408 3044 αλλη-

384 3050 507 3106 λαις
544 3045 615 3111 F3
654 3062 791 3100 corr.
832 3044 1124 3100 Torellius.
1236 3051 1283 3100 7.
1322 3049 1436 3099 παλ
1482 3061 1610 3099 cum
1656 3062 1836 3115 comp.
1886 3067 1958 3115 ην
1994 3045 2089 3102 uel
2127 3066 2183 3100 ιν
2218 3046 2288 3114 F,
2343 3049 2416 3101 ut

383 3115 483 3170 lin.
522 3121 607 3170 21.
735 3111 824 3170 ἀεὶ
864 3117 995 3184 δίχα
1031 3115 1321 3172 Torellius.
1450 3120 1500 3172 8.
1537 3135 1641 3185 την
1679 3121 1863 3186 ορθην
1899 3119 2125 3187 (comp.)
2161 3118 2232 3182 F3
2272 3133 2416 3172 corr.

384 3186 671 3241 Tol-essius.
781 3193 831 3240 9.
860 3187 959 3240 καὶ
998 3183 1136 3241 ἔστω
1174 3187 1248 3241 ad
1282 3185 1662 3254 προτεθέντος
1690 3187 1785 3243 lin.
1820 3193 1882 3242 11
1915 3205 2027 3257 mg.
2058 3190 2120 3256 F,
2157 3205 2330 3242 manu
2362 3194 2412 3257 1,

384 3259 547 3328 signo
583 3256 863 3340 adposito,
901 3257 1050 3324 quod
1085 3257 1289 3312 idem
1272 3277 1333 3312 m
1367 3261 1529 3312 textu
1564 3261 1770 3324 exstat3
1807 3261 2015 3328 χωρίου
2043 3230 2265 3314 ad’didjt
2289 3229 2414 3326 (lin.

387 3332 477 3398 11)
514 3329 600 3383 ed.
640 3327 832 3395 Basil„
872 3327 1167 3383 TorelliuS.
1351 3334 1438 3384 12.
1473 3329 1607 3400 τᾶν]
1645 3349 1756 3383 των
1792 3346 1896 3398 per
1930 3345 2109 3400 comp.
2149 3330 2222 3396 F3
2269 3345 2411 3385 corr.

384 3399 677 3454 TorelliuS.
850 3400 1018 3453 ΚΘΛ
1056 3399 1116 3467 F,
1154 3399 1344 3468 uulgo,
1509 3406 1592 3454 15.
1633 3401 1847 3481 μεῖζον]
1881 3402 2030 3486 (alt.)
2069 3403 2274 3470 μειζων
2311 3417 2416 3470 per

384 3487 562 3540 comp.
592 3470 665 3536 F3
702 3486 841 3526 corr.
870 3469 1162 3526 Toranius,
1279 3477 1358 3525 16.
1397 3470 1494 3542 τᾷ]
1524 3469 1822 3537 Torellius3
1864 3466 1902 3525 ἁ
1931 3472 1994 3542 F,
2022 3473 2212 3541 uulgo.
2323 3477 2412 3526 20.

385 3544 749 3610 λαμφθεντος
785 3542 847 3596 F.
