2659 3967
1041 151 1477 208 ARENARIUS.
2135 153 2266 220 289

232 296 443 360 millia
500 295 863 379 myriadum
920 295 1278 360 stadiorum
1333 295 1601 382 longam
1649 319 1788 362 esse
1839 298 1957 383 [II,
2011 302 2104 384 1]‚
2160 302 2267 368 ad-

154 417 179 424 *
231 405 445 486 paret,
491 403 688 466 etiam
734 424 1075 468 numerum
1123 422 1356 467 arenae
1402 403 1915 490 magnitudinem
1963 405 2266 472 habentis

234 510 574 595 aequalem
630 509 868 574 mundo
924 509 1241 574 minorem
1296 530 1438 573 esse
1496 531 1691 594 quam
1745 511 1925 576 mille
1982 513 2264 578 unitates

234 616 669 700 septimorum
734 637 1172 680 numerorum.
1281 614 1500 699 itaque
1565 615 2082 682 demonstratum
2149 625 2267 699 est,

230 745 572 788 numerum
656 743 891 788 arenae
964 721 1478 806 magnitudinem
1549 720 1852 787 habentis
1927 724 2265 808 aequalem

234 827 499 906 mundo,
538 827 749 912 qualis
789 849 829 891 a
864 826 1189 911 plerisque
1227 826 1576 912 astrologis
1605 827 1911 911 fingatur,
1949 829 2266 894 minorem

234 956 381 1000 esse
456 956 652 1018 quam
726 933 907 1025 mille
979 933 1262 998 unitates
1337 933 1756 1016 septimorum
1831 957 2265 1000 numerorum.

234 1044 445 1106 restat
481 1044 719 1123 autem,
756 1042 830 1103 ut
866 1039 1397 1123 demonstremuS,
1435 1040 1634 1104 etiam
1662 1061 2001 1105 numerum
2032 1063 2264 1106 arenae

235 1148 757 1232 magnitudinem
813 1145 1115 1210 habentis
1164 1145 1497 1230 aequalem
1543 1147 1666 1210 tali
1712 1145 2052 1231 sphaerae,
2111 1171 2264 1232 qua-

235 1253 369 1318 lem
405 1252 831 1318 Aristarchus
870 1251 1205 1316 stellarum
1240 1251 1516 1316 fixarum
1555 1251 1898 1337 sphaeram
1937 1275 2075 1318 esse
2099 1251 2263 1338 'sup-

212 1362 462 1444 ponat,
509 1358 828 1423 minorem
874 1380 1016 1423 esse
1063 1379 1255 1442 quam
1302 1357 1478 1422 mille
1515 1358 1842 1441 myriades
1881 1364 2261 1426 octauorum

234 1486 669 1530 numerorum.
768 1486 923 1530 nam
987 1463 1293 1548 quoniam
1359 1464 1766 1547 suppositum
1833 1469 1958 1549 est,
2023 1469 2264 1533 terram
2290 1465 2372 1530 12

237 1571 321 1636 ad
366 1571 695 1654 mundum,
741 1571 947 1652 qualis
996 1570 1195 1655 uulgo
1236 1592 1275 1634 a
1311 1569 1502 1634 nobis
1539 1571 1842 1655 fingatur,
1890 1593 2031 1635 eam
2070 1573 2264 1638 ratio-

236 1700 386 1744 nem
432 1679 691 1761 habere,
739 1699 931 1762 quam
970 1675 1140 1740 idem
1178 1676 1288 1740 ille
1326 1676 1602 1742 mundus
1640 1675 1883 1740 habeat
1920 1677 1998 1741 ad
2037 1677 2266 1761 sphae-

237 1807 381 1850 ram
441 1785 778 1849 stellarum
836 1784 1139 1866 fixarum,
1202 1803 1396 1866 quam
1457 1780 1876 1846 Aristarchus
1939 1789 2265 1868 supponat

240 1892 317 1978 [1,
354 1893 445 1974 6]‚
493 1895 558 1955 et
604 1889 903 1955 diametri
950 1889 1380 1974 sphaerarum.
1421 1887 1687 1952 eandem
1734 1888 1905 1952 inter
1953 1910 2020 1953 se
2067 1891 2263 1954 ratio-

234 2020 388 2064 nem
450 1996 701 2062 habent
756 1996 967 2076 [Euel.
1024 1993 1180 2078 XII,
1240 1995 1380 2078 18]‚
1442 1997 1511 2058 et
1571 1994 2084 2059 demonstratum
2150 2000 2265 2080 est,

238 2105 630 2169 diametrum
688 2101 909 2166 mundi
964 2101 1282 2167 minorem
1339 2122 1478 2166 esse
1533 2101 1850 2166 diametro
1897 2103 2110 2166 terrae
2157 2103 2265 2166 de-

236 2212 367 2276 cies
416 2210 653 2276 millies
702 2214 962 2294 sumpta
1011 2206 1122 2292 [II,
1159 2208 1249 2290 2],
1296 2207 1584 2290 adparet,
1632 2208 1827 2271 etiam
1874 2206 2264 2272 diametrum

238 2316 551 2402 sphaerae
617 2315 955 2381 stellarum
1019 2301 1291 2378 fixarum
1356 2313 1685 2382 minorem,
1739 2333 1880 2378 esse
1946 2311 2263 2378 diametro

240 2423 463 2488 mundi
514 2421 724 2487 decies
770 2420 1007 2484 millies
1056 2421 1327 2504 sumpta.
1419 2418 1723 2504 quoniam
1771 2422 1990 2484 autem
2037 2419 2260 2502 sphae-

238 2552 347 2594 rae
383 2529 711 2613 triplicem
749 2527 921 2593 inter
959 2547 1026 2591 se
1063 2525 1386 2590 rationem
1422 2523 1687 2608 habent,
1733 2546 1926 2608 quam
1966 2525 2265 2590 diametri

240 2634 449 2716 [Eucl.
493 2632 654 2715 XII,
707 2634 845 2714 18],
899 2630 1315 2698 manifestum
1363 2633 1489 2711 est,
1535 2629 1879 2714 sphaeram
1927 2631 2265 2695 stellarum

237 2740 541 2818 fixarum,
606 2761 797 2822 quam
857 2737 1275 2802 Aristarchus
1338 2737 1686 2819 supponat,
1744 2737 2062 2800 minorem
2126 2757 2264 2801 esse

239 2845 495 2912 mundis
548 2843 1137 2909 1000000000000.
1210 2846 1275 2906 et
1320 2843 1832 2906 demonstratum
1881 2845 1997 2924 est,
2042 2863 2262 2906 nume·
2289 2843 2371 2906 13

237 2975 379 3017 rum
438 2970 671 3016 arenae
728 2948 1243 3035 magnitudinem
1289 2947 1594 3012 habentis
1641 2945 1880 3011 mundo
1927 2948 2264 3032 aequalem

238 3059 551 3124 minorem
600 3079 740 3122 esse
788 3077 981 3142 quam
1029 3054 1211 3118 mille
1255 3055 1540 3120 unitates
1581 3053 2003 3136 septimorum
2040 3075 2264 3119 nume-

239 3287 436 3354 επειὸη
474 3283 541 3352 F;
582 3301 721 3340 corr.
759 3281 979 3338 wallis.
1114 3301 1312 3367 εχῳντι
1347 3281 1419 3348 Γς
1459 3299 1594 3337 corr.
1635 3281 1759 3336 BV.
1887 3287 1972 3336 24.
2013 3281 2260 3363 μυρίαις]

240 3356 465 3426 scripsi;
517 3372 626 3412 om.
664 3354 734 3422 F,
780 3355 981 3440 119ng
1036 3355 1325 3423 μυριαδων
1363 3352 1491 3434 Αῼ,
1531 3369 1673 3407 com.
1716 3351 2000 3418 muamus,
2039 3351 2262 3416 Walhs‚

238 3425 536 3567 ’ἔοῗιεὲξίιέἳῗ
573 3497 642 3564 Ἐς
676 3425 911 3552 {gg-ng
942 3425 1169 3566 121er
1208 3441 1346 3479 corr.
1386 3423 1665 3479 Riualtus.
1802 3429 1888 3477 26.
1931 3427 2098 3490 ελασσ
2138 3440 2266 3478 cum

343 3595 665 3649 Archimedes,
694 3597 763 3640 ed.
790 3596 1005 3646 Heiberg.
1032 3596 1117 3652 ιΠ.
1880 3589 1944 3637 19
