2659 3967
404 154 540 219 310
859 154 1474 209 ΤΕΤΡΑΓΩΝΙΣΜΟΣ
1512 156 1979 209 ΠΑΡΑΒΟΛΗΣ.

403 322 634 384 γωνον
679 300 1030 384 ἰσορροπεῖ
1067 300 1160 388 τῷ
1209 302 1294 382 Λ,
1342 293 1419 363 τὸ
1466 295 1543 365 δὲ
1577 303 1775 365 ΒΓΔ
1816 301 1910 389 τῷ
1950 303 2101 383 ΖΛ,
2147 297 2259 365 καὶ
2305 303 2436 386 τρί-

404 429 526 471 τον
572 403 710 473 ἐστὶ
753 406 878 472 τοῦ
915 408 1109 471 ΒΓΔ
1145 400 1223 469 τὸ
1263 409 1413 488 ΖΛ,
1459 402 1783 490 φανερόν,
1832 400 1935 471 ὅτι
1970 402 2082 471 καὶ
2120 402 2196 471 τὸ
2235 411 2447 473 ΓΔΗ

401 515 738 597 τρίγωνον
782 508 1178 595 τριπλάσιον
1223 513 1349 577 τοῦ
1395 514 1468 577 Ζ.

1374 766 1415 826 η
1449 793 1464 807 .

331 882 365 931 5
520 862 737 933 ’Ἑστω
787 863 984 951 ζυγὸς
1029 861 1066 933 ὁ
1106 870 1257 950 ΑΓ,
1304 864 1511 950 μέσον
1558 864 1634 933 δὲ
1671 865 1880 934 αὐτοῦ
1915 864 1991 933 τὸ
2030 873 2111 952 Β,
2148 867 2259 934 καὶ
2296 893 2443 956 κρε-

405 972 651 1061 μάσθω
696 968 864 1038 κατὰ
907 967 984 1037 τὸ
1031 978 1112 1056 Β,
1159 969 1235 1039 τὸ
1285 969 1361 1037 δὲ
1399 976 1598 1038 ΓΔΕ
1636 977 1972 1058 τρίγωνον
2010 968 2440 1060 ὀρθογώνιον

407 1074 631 1166 ὀρθὰν
678 1081 834 1164 ἔχον
877 1074 1004 1143 τάν
1049 1075 1202 1144 ποτὶ
1246 1079 1341 1167 τῷ
1382 1083 1446 1143 Ε
1485 1082 1762 1164 γωνίαν,
1808 1077 1921 1145 καὶ
1956 1078 2323 1166 κρεμάσθω
2370 1083 2442 1148 ἐκ

403 1188 528 1250 τοῦ
559 1184 763 1269 ζυγοῦ
789 1179 956 1249 κατὰ
984 1179 1066 1248 τὰ
1088 1187 1166 1267 Γ,
1196 1188 1276 1266 Ε,
1304 1179 1383 1249 τὸ
1415 1181 1491 1249 δὲ
1524 1188 1578 1249 Ζ
1604 1188 1855 1270 χωρίον
1881 1183 2246 1272 κρεμάσθω
2272 1184 2441 1253 κατὰ

402 1287 479 1357 τὸ
520 1297 606 1373 Α,
651 1288 764 1355 καὶ
812 1290 1249 1376 ἰσορροπείτω
1285 1292 1380 1380 τῷ
1409 1293 1534 1355 ΓΔ
1545 1294 1609 1355 Ε
1642 1284 1854 1369 οὕτως
1890 1293 2132 1377 ἔχοντι,
2181 1289 2272 1373 ὡς
2308 1298 2442 1361 νῦν

302 1414 368 1462 10
404 1400 633 1463 κείται.
708 1390 791 1462 ὃν
839 1392 916 1461 δὲ
958 1393 1168 1478 λόγον
1216 1397 1348 1481 ἔχει
1394 1390 1436 1460 ἆ
1476 1401 1607 1461 ΑΒ
1653 1394 1804 1463 ποτὶ
1840 1392 1966 1462 τάν
2002 1402 2151 1482 ΒΕ,
2196 1402 2443 1467 τοῦτον

403 1504 603 1589 ἐχέτω
650 1498 725 1569 τὸ
766 1506 893 1569 ΓΔ
903 1507 967 1567 Ε
1006 1504 1344 1587 τρίγωνον
1388 1500 1539 1567 ποτὶ
1585 1498 1662 1569 τὸ
1701 1507 1771 1568 Κ
1804 1506 2075 1588 χωρίον.
2144 1504 2319 1591 φαμὶ
2356 1504 2442 1592 δὴ

310 1672 321 1682 .
402 1607 479 1678 τὸ
529 1616 584 1675 Ζ
638 1612 890 1696 χωρίον
935 1608 1058 1675 τοῦ
1106 1605 1229 1690 μὲν
1275 1612 1477 1674 ΓΔΕ
1515 1606 1854 1693 τριγώνου
1900 1611 2187 1677 ἔλασσον
2234 1607 2441 1697 εἶμεν,

401 1719 524 1783 τοῦ
573 1711 650 1782 δὲ
695 1719 764 1780 Κ
807 1716 1049 1799 μεῖζον.

538 1834 861 1923 λελείφθω
907 1833 1036 1924 γὰρ
1083 1840 1204 1903 τοῦ
1245 1841 1456 1904 ΔΕΓ
1492 1835 1846 1925 τριγώνου·
1874 1836 1950 1905 τὸ
1998 1840 2278 1925 κέντρον
2314 1844 2443 1908 τοῦ

298 1963 364 2012 15
481 1960 566 2019 A
933 1962 1013 2017 B
1037 1960 1120 2021 I)
1171 1961 1269 2017 ff
1375 1962 1465 2020 17
1522 1942 1796 2031 βάρεος,
1856 1943 1967 2011 καὶ
2024 1948 2191 2013 ἔστω
2236 1943 2314 2013 τὸ
2361 1953 2441 2032 Θ,

1522 2051 1635 2117 καὶ
1699 2048 1743 2117 ἆ
1801 2056 1948 2117 ΘΗ
2001 2048 2193 2138 ἄχθω
2258 2051 2440 2140 παρὰ

1202 2043 1422 2316 V
1522 2154 1647 2225 τάν
1689 2165 1755 2224 A
1766 2165 1842 2225 E.
1916 2158 2057 2225 ἐπεὶ
2096 2150 2223 2227 οὖν
2263 2162 2446 2247 ι’σορ·

1524 2277 1722 2352 ροπεῖ
1760 2262 1836 2332 τὸ
1867 2269 2068 2331 ΓΔΕ
2105 2268 2445 2353 τρίγωνον

415 2299 624 2632 H
1520 2373 1614 2461 τῷ
1663 2376 1718 2437 Ζ
1763 2375 2009 2461 χωρίῳ,
2057 2370 2181 2438 τὸν
2228 2367 2445 2438 αὐτὸν

295 2495 365 2545 20

1023 2514 1088 2575 Δ
1180 2480 1414 2645 [Ξ
1523 2479 1655 2563 ἔχει
1701 2475 1912 2562 λόγον
1957 2474 2034 2543 τὸ
2082 2478 2283 2545 ΓΔΕ
2315 2504 2445 2563 χω-

1523 2589 1676 2670 ρίον
1741 2582 1894 2650 ποτὶ
1956 2580 2033 2651 τὸ
2094 2588 2179 2668 Ζ,
2249 2578 2332 2649 ὃν
2398 2579 2443 2649 ἁ

408 2699 474 2759 A
483 2699 542 2759 Β
588 2691 741 2761 ποτὶ
787 2689 914 2760 τάν
940 2697 1097 2759 ΒΗ.
1171 2687 1341 2758 ὥστε
1379 2691 1667 2758 ἔλασσόν
1705 2692 1843 2759 ἐστι
1878 2687 1955 2757 τὸ
1989 2695 2044 2755 Ζ
2079 2692 2203 2757 τοῦ
2233 2694 2356 2755 ΓΔ
2366 2694 2445 2757 Ε.

403 2798 517 2865 καὶ
583 2798 723 2865 ἐπεὶ
787 2796 862 2865 τὸ
919 2803 1045 2865 ΓΔ
1056 2805 1121 2864 Ε
1172 2803 1509 2885 τρίγωνον
1569 2797 1721 2865 ποτὶ
1782 2794 1905 2884 μὲν
1959 2794 2035 2863 τὸ
2087 2802 2142 2862 Ζ
2196 2800 2444 2863 τοῦτον

403 2908 537 2990 ἔχει
581 2902 704 2971 τὸν
751 2904 983 2990 λόγον,
1031 2900 1113 2972 ὃν
1151 2900 1193 2970 ἆ
1224 2910 1359 2971 ΒΑ
1396 2904 1546 2971 ποτὶ
1583 2902 1709 2971 τάν
1737 2909 1897 2988 ΒΗ,
1943 2902 2097 2970 ποτὶ
2135 2902 2211 2971 δὲ
2245 2900 2321 2970 τὸ
2353 2908 2445 2988 Κ,

295 3026 366 3076 25
408 3005 490 3077 ὃν
537 3006 579 3075 ἆ
618 3016 750 3077 ΒΛ
796 3009 947 3078 ποτὶ
993 3008 1120 3077 τάν
1148 3017 1299 3097 ΒΕ,
1347 3014 1582 3097 δῆλον,
1631 3007 1723 3090 ὥς
1755 3015 2027 3097 μείζονα
2065 3007 2272 3093 λόγον
2308 3013 2449 3095 ἔχει

402 3112 480 3183 τὸ
536 3120 664 3183 ΓΔ
675 3122 739 3182 Ε
794 3120 1129 3204 τρίγωνον
1192 3116 1344 3183 ποτὶ
1409 3115 1485 3184 τὸ
1544 3122 1614 3183 Κ
1668 3111 1709 3203 ἢ
1767 3115 1917 3183 ποτὶ
1971 3114 2048 3183 τὸ
2107 3121 2180 3181 Ζ.
2272 3112 2449 3182 ὥστε

404 3220 632 3308 μεῖζόν
679 3224 816 3289 ἐστι
859 3220 938 3290 τὸ
987 3230 1043 3291 Ζ
1085 3227 1210 3291 τοῦ
1256 3230 1342 3291 K.

551 3442 600 3490 1.
637 3436 712 3507 A]
750 3441 795 3501 A
831 3434 902 3501 Ἐς
943 3451 1082 3491 corr.
1113 3434 1408 3492 Torellius,
1554 3441 1603 3490 2.
1645 3434 1770 3506 ΖΛ]
1811 3440 1907 3489 ΖΑ
1944 3435 2064 3490 FV.
2210 3438 2260 3489 ὅ.
2299 3435 2450 3509 ΛΓ]

405 3510 505 3560 ΑΒ
541 3504 614 3574 F;
662 3522 800 3564 corr.
839 3504 1118 3562 Riualtus.
1283 3509 1657 3577 κεκρεμασθω
1693 3506 1754 3563 F.
1902 3512 1951 3561 6.
1991 3506 2092 3578 δέ]
2130 3504 2329 3561 addidi
2366 3507 2453 3577 (u.
