2659 3967
408 173 544 239 210
925 178 1311 232 mmm-:ARN
1346 181 1804 234 Izoppomsm
1838 178 1928 238 13‘.

406 325 495 404 K,
541 322 884 388 τουτέστιν
931 317 974 387 ἆ
1013 327 1137 388 ΘΒ
1182 321 1332 389 ποτὶ
1374 330 1451 408 Ζ,
1499 327 1632 410 ἔχει
1678 322 1753 390 δὲ
1799 332 1911 389 καὶ
1950 319 1993 389 ἁ
2030 330 2158 390 ΒΘ
2192 324 2351 390 ποτὶ
2390 331 2447 390 Ζ

407 423 532 496 οὐκ
588 427 918 497 ἐλάσσονα
972 427 1214 514 λόγον,
1268 425 1311 515 ἢ
1360 426 1441 498 ὃν
1489 434 1621 517 ἔχει
1666 431 1817 498 ποτὶ
1862 437 2019 514 ΘΕ,
2068 427 2181 497 διὰ
2224 428 2305 496 τὸ
2352 428 2445 516 μὴ

1530 533 1865 604 ἐλάσσονα
1914 532 2097 621 εἶμεν
2142 533 2269 602 τάν
2314 543 2453 602 ΘΕ

1528 647 1647 722 τοῖς
1719 649 1805 728 Ζ,
1877 645 2101 733 πολλῷ
2165 640 2301 730 ἄρα
2362 642 2445 710 τὸ

1530 755 1671 817 ΑΚ
1679 755 1738 815 Β
1750 756 1812 815 Λ
1820 755 1885 816 Γ
1954 745 2447 835 εὐθύγραμμον

1528 854 1681 922 ποτὶ
1770 853 1851 921 τὰ
1928 853 2447 941 περιλειπόμενα

1527 958 1831 1047 τμάματα
1898 966 2168 1056 μείζονα
2228 960 2443 1046 λόγον

1528 1073 1689 1156 ἔχει,
1744 1061 1787 1153 ἢ
1836 1063 1879 1132 ἁ
1927 1072 2054 1133 ΒΘ
2095 1067 2249 1133 ποτὶ
2294 1073 2445 1137 ΘΕ.

1528 1171 1695 1241 ὥστε
1756 1169 1876 1240 ἐὰν
1936 1173 2289 1258 ποιέωμες,
2348 1171 2446 1254 ὥς

1525 1278 1601 1347 τὸ
1650 1286 1793 1347 ΛΚ
1801 1286 1858 1346 Β
1870 1285 2006 1347 ΛΓ
2052 1276 2442 1367 εὐθύγραμ-

1525 1411 1657 1472 μον
1718 1385 1872 1453 ποτὶ
1927 1383 2007 1452 τὰ
2061 1385 2441 1472 περιλειπό-

1524 1518 1693 1578 μενα
1787 1489 2124 1576 τμάματα,
2226 1489 2447 1572 οὕτως

1524 1595 1737 1665 ἄλλαν
1818 1596 1970 1665 τινὰ
2052 1596 2206 1664 ποτὶ
2286 1605 2443 1682 ΘΕ,

1525 1702 1752 1790 ἐπειδὴ
1824 1708 1947 1772 τοῦ
2010 1710 2219 1773 ΑΒΓ
2276 1705 2443 1791 τμά-

297 1821 364 1870 15
400 1830 604 1892 ματος
660 1804 736 1875 τὸ
790 1808 1070 1896 κέντρον
1130 1811 1254 1876 τοῦ
1311 1807 1559 1897 βάρεός
1613 1811 1751 1877 ἐστι
1809 1809 1885 1879 τὸ
1944 1816 2031 1896 Θ,
2092 1813 2441 1898 ἐκβληθεί-

402 1930 522 1992 σας
584 1916 702 1992 τοῖς
753 1920 880 1980 ΕΘ
940 1914 1053 1981 καὶ
1113 1912 1627 2002 ἄπολαφθείσας
1679 1915 1865 1997 τινὸς
1920 1915 2191 1998 εὐθείας
2246 1916 2441 2004 ἐχού-

401 2039 520 2098 σας
564 2021 773 2104 λόγον
818 2021 970 2089 ποτὶ
1014 2018 1139 2088 τὰν
1187 2028 1344 2108 ΕΘ,
1402 2019 1485 2089 ὃν
1531 2020 1608 2090 τὸ
1656 2029 2012 2092 ΛΚΒΛΓ
2050 2022 2441 2111 εὐθύγραμ-

400 2151 530 2210 μον
586 2125 737 2192 ποτὶ
783 2124 863 2194 τὰ
909 2128 1424 2215 περιλειπόμενα
1468 2128 1802 2216 τμάματα,
1859 2133 2145 2202 ἐσσείται
2191 2137 2437 2217 μείζων

399 2234 518 2310 τᾶς
562 2238 704 2299 ΘΒ.
778 2233 974 2319 ἐχέτω
1023 2225 1150 2302 οὖν
1196 2232 1239 2301 ἁ
1283 2242 1424 2302 ΗΘ
1468 2235 1621 2304 ποτὶ
1658 2243 1801 2305 ΘΕ.
1865 2235 1943 2305 τὸ
1988 2243 2069 2304 Η
2106 2235 2241 2324 ἄρα
2286 2237 2437 2303 κέν-

294 2354 363 2402 20
399 2361 563 2425 τρον
597 2341 720 2404 τοῦ
765 2337 1007 2426 βάρεος
1051 2345 1174 2408 τοῦ
1221 2343 1662 2430 συγκειμένου
1699 2346 1771 2412 ἐκ
1804 2346 1941 2412 τῶν
1977 2344 2435 2432 περιλειπομέ-

397 2469 542 2512 νων
577 2443 964 2533 τμαμάτων·
1039 2445 1200 2536 ὅπερ
1257 2447 1619 2519 ἀδύνατον.
1693 2454 1811 2529 τᾶς
1853 2447 1983 2537 γὰρ
2030 2448 2143 2516 διὰ
2191 2452 2314 2515 τοῦ
2362 2455 2447 2514 Η

398 2548 720 2638 ἀχθείσας
754 2548 936 2640 παρὰ
970 2549 1097 2621 τάν
1125 2561 1265 2623 ΑΓ
1295 2555 1403 2623 ἐπὶ
1439 2553 1521 2622 τὰ
1557 2553 1727 2622 αὐτοὶ
1766 2557 1949 2623 ἐστιν
1984 2552 2065 2620 τὰ
2104 2552 2434 2639 τμάματα.

400 2660 611 2742 δῆλον
666 2649 824 2745 οὖν,
883 2655 985 2727 ὅτι
1042 2655 1084 2726 ἆ
1133 2667 1266 2728 ΘΕ
1305 2659 1610 2730 ἐλάσσων
1657 2660 1795 2729 ἐστὶ
1841 2663 1960 2740 τᾶς
2006 2665 2078 2728 Ζ.
2172 2663 2309 2728 ἔδει
2357 2660 2437 2727 δὲ

398 2767 598 2834 τοῦτο
646 2766 876 2847 δείξαι.

293 2971 362 3022 25
1375 2959 1450 3041 ζ’.

533 3080 684 3150 Δύο
737 3083 1099 3170 τμαμάτων
1153 3082 1409 3171 ὁμοίων
1464 3085 1951 3172 περιεχομένων
2003 3081 2138 3153 ὑπό
2193 3107 2265 3152 τε
2321 3081 2437 3152 εὐ-

396 3191 591 3267 θείας
647 3188 759 3255 καὶ
823 3186 1257 3278 ὀρθογωνίου
1318 3191 1547 3260 κώνου
1598 3195 1807 3279 τομᾶς
1859 3189 1939 3258 τοὶ
1994 3192 2235 3279 κέντρα
2289 3195 2435 3260 τῶν

396 3293 661 3382 βαρέων
709 3298 804 3374 είς
845 3294 972 3365 τὸν
1015 3294 1224 3366 αὐτὸν
1270 3298 1482 3385 λόγον
1515 3299 1823 3385 τέμνοντι
1859 3295 1978 3378 τὰς
2014 3299 2435 3386 διαμέτρους.

397 3413 824 3423 ————-—-—--——-.—

395 3523 467 3590 F,
545 3460 592 3507 1.
629 3449 669 3507 ἆ
709 3451 914 3581 0ΒῖΗὴ
955 3457 1061 3512 ΘΒ
1098 3456 1166 3523 F3
1205 3473 1345 3512 corr.
1376 3457 1666 3514 Tol-essius,
1775 3476 1916 3525 προς
1944 3458 2074 3527 (bis)
2100 3473 2201 3528 per
2237 3473 2436 3526 comp.

505 3540 645 3578 corr.
675 3527 786 3581 Tor
886 3527 2433 3600 us,utlin.2,6,8‚11,13,17,18,19.amn-
