2659 3967
378 179 515 246 258
998 157 1005 166 ’
1194 182 1609 235 &mmmmm

385 326 841 412 διαιρεθείσας
886 328 982 403 εἰς
1028 321 1176 412 ρξδ’
1222 322 1479 390 τούτων
1527 323 1602 389 ἓν
1647 324 1864 411 μέρος.
1939 331 2053 392 ἴσα
2097 321 2226 411 γάρ
2275 324 2418 391 ἐστι

381 434 465 519 τᾷ
528 435 774 521 γωνίᾳ,
838 433 933 509 εἰς
996 425 1084 497 ἂν
1150 425 1186 497 ὁ
1252 425 1440 507 ἅλιος
1501 428 1847 517 έναρμόζει
1909 426 2036 496 τᾶν
2095 427 2416 517 κορυφὰν

386 541 673 624 ἔχουσαν
728 535 881 604 ποτὶ
934 539 1016 623 τᾷ
1064 533 1235 617 ὄψει.
1326 521 1493 602 ὥᾶτε
1537 531 1582 602 ἆ
1625 541 1842 620 γωνία
1887 533 1932 602 ἆ
1976 537 2415 624 περιεχομένα

274 673 279 677 ·
383 640 515 712 ὑπὸ
560 645 685 710 τᾶν
722 649 893 728 ΘΜ,
928 648 1059 709 ΘΟ
1103 640 1394 710 ἐλάττων
1421 640 1618 711 ,ἐστὶν
1663 636 1706 727 ἢ
1753 645 1872 720 τᾶς
1917 639 2136 730 ὀρθᾶς
2171 646 2417 730 διαιρε-

312 761 345 810 5
383 754 619 829 θείσας
674 753 769 830 εἰς
823 747 970 835 ρξδ’
1018 746 1278 816 τούτων
1335 749 1408 814 ἓν
1460 747 1694 834 μέρος,
1757 744 1800 814 ἁ
1857 746 1934 814 δὲ
1989 755 2120 815 ΑΒ
2175 745 2415 816 εὐθεῖα

384 853 675 923 ἐλάττων
722 854 865 924 ἐστὶ
906 857 1027 935 τᾶς
1070 852 1549 933 ὖποτεινούσας
1585 856 1660 920 ἓν
1696 857 1921 940 τμᾶμα
1958 858 2419 942 διαιρεθείσας

278 963 363 1027 19
383 966 502 1042 τᾶς
545 966 669 1028 τοῦ
715 966 925 1028 ΑΒΓ
959 959 1213 1030 κύκλου
1256 965 1676 1049 περιφερείας
1721 962 1790 1038 ἐς
1833 960 2002 1047 χνς’.
2077 958 2120 1027 ἁ
2167 960 2243 1029 δὲ
2287 964 2414 1028 τοῦ

384 1068 741 1156 εἰρημένου
812 1072 1242 1154 πολυγωνίου
1302 1071 1688 1156 περίμετρος
1749 1067 1902 1135 ποτὶ
1963 1067 2089 1136 τὰν
2153 1070 2225 1136 ἐκ
2286 1072 2415 1136 τοῦ

383 1175 667 1260 κέντρου
708 1177 834 1242 τοῦ
878 1178 1087 1241 ΑΒΓ
1118 1171 1372 1242 κύκλου
1411 1171 1730 1242 ἐλάττονα
1775 1171 1984 1260 λόγον
2030 1177 2192 1260 ἔχει,
2240 1169 2281 1261 ἢ
2328 1173 2412 1242 τὰ

281 1291 348 1342 10
384 1277 502 1366 μδ’
556 1280 711 1348 ποτὶ
754 1277 837 1348 τὰ
884 1278 963 1364 ζ’,
1010 1276 1123 1348 διὰ
1168 1276 1243 1347 τὸ
1290 1276 1536 1359 παντὸς
1580 1286 2010 1366 πολυγωνίου
2056 1282 2412 1370 ἐγγεγραμ-

385 1387 595 1473 μένου
639 1388 714 1454 ἐν
758 1385 982 1477 κύκλῳ
1028 1382 1152 1453 τὰν
1194 1389 1585 1472 περίμετρον
1629 1385 1782 1454 ποτὶ
1825 1385 1952 1454 τάν
1999 1389 2072 1455 ἐκ
2105 1391 2228 1456 τοῦ
2263 1389 2414 1456 κέν-

382 1517 550 1579 τρου
595 1491 915 1560 ἐλάττονα
960 1489 1167 1577 λόγον
1214 1494 1402 1577 ἔχειν,
1449 1485 1492 1576 ἢ
1539 1488 1618 1558 τὰ
1659 1489 1776 1572 μδ’
1815 1491 1967 1560 ποτὶ
2003 1490 2084 1558 τὰ
2125 1491 2200 1573 ζ’.
2275 1495 2415 1560 ἐπι-

384 1598 623 1667 στάσαι
668 1596 799 1686 γὰρ
847 1598 1270 1684 δεδειγμένου
1306 1592 1428 1683 ὑφ’
1471 1594 1687 1683 ἁμῶν,
1735 1595 1840 1665 ὅτι
1876 1597 2122 1677 παντὸς
2157 1597 2417 1667 κύκλου

383 1703 427 1773 ἆ
466 1706 851 1794 περιφέρεια
890 1709 1129 1791 μείζων
1168 1701 1340 1772 ἐστὶν
1378 1698 1422 1788 ἢ
1457 1710 1868 1791 τριπλασίων
1903 1708 2022 1786 τᾶς
2050 1705 2415 1792 διαμέτρου

280 1822 347 1873 15
385 1810 701 1880 ἐλάσσονι
755 1805 799 1898 ἢ
856 1810 1123 1902 ἑβδόμῳ
1171 1813 1372 1896 μάιει.
1463 1808 1708 1889 ταύτας
1761 1809 1838 1878 δὲ
1887 1809 2181 1880 ἐλάττων
2228 1811 2414 1878 ἐστὶν

384 1905 427 1986 ἆ
474 1923 864 2006 περίμετρος
907 1921 1031 1986 τοῦ
1078 1917 1516 2002 ἐγγραφέντος
1559 1921 2006 2001 πολυγωνίου.
2089 1916 2414 1986 ἐλάττονα

385 2015 514 2093 οὖν
567 2023 776 2110 λόγον
831 2028 961 2110 ἔχει
1019 2020 1061 2090 ἆ
1108 2029 1231 2092 BA
1284 2021 1435 2090 ποτὶ
1491 2019 1617 2087 τὰν
1663 2028 1829 2107 ΘΚ,
1883 2017 1926 2108 ἢ
1983 2021 2063 2090 τὰ
2113 2022 2209 2090 ια’
2257 2023 2414 2091 ποτὶ

383 2127 465 2196 τὰ
514 2128 757 2220 ,αρμηῖ
834 2126 1004 2197 ὥστε
1051 2126 1331 2214 ἐλάττων
1377 2127 1560 2195 ἐστὶν
1605 2123 1650 2194 ἁ
1687 2133 1745 2194 Β
1755 2136 1820 2195 Α
1852 2131 1973 2209 τᾶς
2009 2135 2147 2197 ΘΚ
2180 2124 2224 2214 ἢ
2249 2129 2414 2196 ..ἕκα-

278 2233 367 2300 20
386 2235 631 2302 τοστὸν
685 2236 901 2324 μέρος.
990 2239 1073 2322 τᾷ
1116 2234 1187 2304 δὲ
1232 2241 1366 2302 ΒΑ
1413 2241 1525 2302 ἴσα
1571 2233 1752 2302 ἐστὶν
1798 2230 1841 2300 ἆ
1890 2232 2244 2322 διάμετρος
2287 2237 2414 2302 τοῦ

278 2351 349 2400 20
385 2347 536 2408 ΣΗ
588 2337 871 2426 κύκλου,
934 2339 1104 2408 διότι
1156 2339 1269 2408 καὶ
1324 2337 1367 2406 ἆ
1424 2337 1696 2427 ἡμίσεια
1749 2337 1957 2420 αὐτᾶς
2009 2336 2053 2407 ἆ
2104 2347 2244 2407 ΦΑ
2297 2349 2413 2409 ἴσα

387 2447 524 2516 ἐστὶ
569 2449 652 2535 τᾷ
692 2451 834 2513 ΚΡ.
901 2449 1053 2513 ἰσᾶν
1098 2443 1222 2532 γὰρ
1271 2448 1522 2513 ἐουσᾶν
1567 2450 1694 2514 τᾶν
1731 2453 1887 2533 ΘΚ,
1935 2454 2067 2515 ΘΑ
2102 2443 2233 2515 ἀπὸ
2271 2451 2412 2515 τῶν

385 2552 692 2643 περάτων
755 2552 1026 2620 καθέτοι
1090 2552 1551 2638 ἐπεζευγμέναι
1615 2552 1754 2620 ἐντὶ
1816 2549 1950 2620 ὑπὸ
2006 2550 2133 2620 τὰν
2193 2549 2412 2620 αὐτὰν

384 2664 660 2746 γωνίαν.
735 2661 945 2746 δῆλον
993 2649 1132 2743 οὖν,
1180 2655 1283 2726 ὅτι
1330 2654 1374 2724 ἆ
1422 2656 1775 2748 διάμετρος
1819 2661 1940 2726 τοῦ
1978 2664 2131 2724 ΣΗ
2157 2656 2414 2726 κύκλου

386 2764 677 2835 ἐλάττων
741 2766 924 2834 ἐστὶν
978 2758 1022 2850 ἢ
1086 2762 1447 2832 ἑκατοστὸν
1510 2765 1710 2851 μέρος
1772 2767 1891 2843 τᾶς
1948 2769 2099 2831 ΘΚ.
2188 2763 2302 2830 καὶ
2367 2761 2412 2831 ἆ

274 2883 347 2932 25
386 2879 587 2941 ΕΘΤ
630 2870 975 2961 διάμετρος
1021 2869 1311 2938 ἐλάττων
1359 2870 1498 2938 ἐστὶ
1544 2875 1662 2950 τᾶς
1708 2870 2070 2958 διαμέτρου
2104 2873 2228 2938 τοῦ
2265 2875 2422 2937 ΣΗ

383 2976 665 3063 κύκλου,
722 2977 862 3046 ἐπεὶ
918 2974 1198 3046 ελάττων
1246 2976 1428 3044 ἐστὶν
1476 2974 1512 3044 ὁ
1562 2984 1628 3043 Δ
1640 2983 1765 3042 ΕΖ
1809 2973 2053 3056 κύκλος
2095 2979 2219 3044 τοῦ
2263 2979 2421 3043 ΣΗ

383 3081 656 3151 κύκλου.
748 3080 1081 3161 έλαττόνες
1136 3079 1267 3169 ἄρα
1323 3082 1462 3149 έντὶ
1517 3078 1888 3171 ἄμφοτέραι
1937 3085 2012 3148 αἱ
2053 3089 2214 3167 ΘΤ,
2269 3087 2420 3150 ΚΣ

532 3247 579 3294 1.
620 3244 716 3295 ἴσα
752 3238 887 3312 γάρ]
917 3257 1039 3293 ισον
1080 3241 1306 3310 (comp.)
1347 3260 1548 3308 γωνιαι
1582 3240 1654 3306 Ἐς
1690 3257 1830 3297 corr.
1868 3239 2091 3296 Wallis.
2210 3246 2261 3294 2.
2301 3238 2410 3312 εἰς]

386 3332 476 3375 αις
510 3312 584 3381 1³¹3
632 3328 770 3366 corr.
819 3312 863 3366 B
892 3306 1011 3381 (ἐς).
1160 3318 1207 3365 7.
1247 3314 1424 3366 ΑΒΝ
1454 3311 1525 3378 F;
1576 3326 1715 3366 corr.
1754 3310 1872 3366 Ac.
2019 3318 2068 3366 9.
2106 3311 2210 3366 τοῦ
2247 3315 2420 3366 ΑΒΓ

383 3382 595 3439 κύκλου
644 3383 719 3437 ad
766 3379 829 3438 ἐκ
867 3381 971 3437 τοῦ
1017 3379 1253 3451 κέντρου
1290 3382 1388 3438 lin.
1429 3387 1494 3437 11
1533 3384 1862 3453 repetuntur
1897 3381 1955 3436 in
1995 3382 2066 3449 F;
2112 3382 2213 3437 τοῦ
2250 3385 2421 3436 ΑΒΓ

383 3450 596 3509 κύκλου
646 3453 905 3524 expunxit
941 3469 1137 3508 manus
1178 3460 1235 3520 1,
1281 3454 1349 3507 ut
1381 3453 1622 3509 uidetur.
1773 3459 1856 3508 12.
1895 3472 1921 3508 ε
1961 3471 2014 3507 ει
2047 3453 2118 3517 F3
2167 3469 2304 3508 corr.
2344 3451 2410 3505 B.

384 3530 471 3580 15.
499 3523 737 3596 ταύτας]
768 3523 984 3594 scripsi3
1020 3543 1120 3586 τας
1146 3523 1210 3592 F,
1246 3525 1444 3593 uulgo;
1486 3541 1593 3579 om.
1624 3524 1898 3590 Riualtus,
1975 3523 2232 3590 orelliu83
2265 3519 2410 3580 ὥστε
