2659 3967
528 204 629 261 DE
664 206 775 276 IIS,
815 204 1012 274 QUAE
1049 207 1131 261 IN
1166 206 1460 262 HUMIDO
1495 205 1924 263 UEHUNTUR.
2106 204 2244 271 417

211 350 485 437 humidi,
530 350 697 417 sieut
732 350 1282 417 demonstrabitur
1315 350 1385 416 in
1420 351 1620 417 tertia
1653 350 1882 436 figura,
1918 348 2244 435 quomodo

212 479 287 523 se
342 457 545 524 habet
596 458 667 523 in
709 458 906 523 tertio
951 457 1385 543 theoremate,
1440 462 1508 523 et
1549 458 1843 523 manebit
1885 458 2102 541 portio
2147 458 2246 523 ita

214 564 597 630 consistens.
688 564 758 628 in
815 562 1229 649 portionibus
1260 569 1273 579 '
1290 563 1462 628 en'im
1523 563 1904 648 aequalibus
1959 562 2246 643 APOL,

213 670 481 752 AOQL
514 670 873 755 productae
910 672 1101 735 erunt
1129 670 1213 735 ab
1242 669 1765 735 extremitatibus
1791 670 2054 737 basium
2080 691 2247 755 quae

214 778 281 843 A
294 776 375 860 Q,
428 776 495 843 A
508 776 561 843 O
620 777 923 861 aequales
982 775 1368 842 auferentes,
1459 776 2012 843 demonstrabitur
2067 776 2245 843 enim
2281 790 2319 840 5

216 884 419 965 APQ
476 882 767 967 aequalis
820 882 951 967 ipsi
994 881 1194 948 APO
1240 882 1542 949 similiter
1584 882 1910 969 prioribus
1959 885 2050 969 [p.
2094 883 2266 967 412,·

221 990 305 1055 19
344 992 487 1073 sq.].
580 990 881 1075 aequales
935 988 1141 1074 igitur
1193 988 1438 1055 facient
1484 992 1710 1055 acutos
1758 989 2034 1075 angulos
2081 1011 2248 1074 quae

216 1094 367 1180 AO,
411 1096 542 1178 ΑΩ
588 1096 669 1163 ad
717 1117 869 1163 axes
912 1096 1289 1179 portionum
1338 1098 1430 1180 [p.
1454 1095 1586 1161 412
1613 1097 1752 1161 not.
1781 1096 1870 1177 1].
1941 1097 2250 1180 quoniam

220 1203 523 1288 aequales
571 1205 725 1269 sunt
770 1203 883 1288 qui
928 1203 1101 1288 apud
1147 1203 1233 1287 N,
1278 1201 1353 1269 X
1394 1202 1620 1288 anguli
1655 1205 1698 1285 †
1736 1206 1802 1268 et
1843 1203 1911 1269 Ζ
1915 1203 1986 1270 Τ.
2060 1226 2252 1290 eopu·
2283 1250 2293 1257 ·

217 1310 355 1376 lata
406 1313 625 1377 autem
671 1310 817 1395 ipsa
860 1309 1023 1375 HK
1059 1312 1124 1374 et
1170 1307 1402 1373 educta
1447 1308 1528 1373 ad
1574 1313 1641 1374 Ω,
1687 1310 1813 1375 erit
1857 1311 2064 1376 totius
2111 1311 2246 1396 qui·
2288 1322 2358 1373 10

221 1418 368 1483 dem
414 1417 737 1502 portionis
784 1418 1078 1483 centrum
1128 1414 1476 1501 grauitatis
1501 1414 1591 1499 K,
1637 1416 1771 1481 eius
1818 1422 2037 1483 autem
2083 1438 2251 1503 quae

1212 1533 1219 1539 '
1331 1520 1511 1585 intra
1535 1520 1878 1587 humidum
1903 1524 1988 1590 H
2008 1526 2096 1608 [p.
2117 1524 2251 1591 380

1332 1628 1466 1691 not.
1502 1627 1586 1711 1],
1635 1627 1770 1694 eius
1809 1632 2044 1715 autem,
2086 1651 2250 1714 quae

1336 1735 1546 1818 extra,
1605 1734 1677 1799 in
1728 1735 1902 1801 linea
1955 1736 2128 1821 Ka,
2185 1740 2255 1803 et

1337 1950 1404 2011 et
1450 1969 1614 2031 quae
1640 1946 1807 2013 KH
1839 1948 2256 2033 perpendicu-

1335 2051 1496 2119 laris
1520 2058 1620 2119 est
1637 2075 1831 2139 super
1847 2056 2258 2140 superficiem

1337 2160 1588 2225 humidi
1654 2162 1744 2246 [p.
1791 2162 1923 2229 382
1979 2166 2116 2228 not.
2163 2163 2256 2245 3].

1339 2266 1688 2333 seeundum
1744 2269 2003 2334 easdem
2051 2270 2260 2357 igitur

1172 2394 1205 2436 t
1337 2375 1549 2439 rectas
1616 2375 1789 2458 quod
1863 2376 2123 2464 quidem
2187 2378 2258 2442 in
2295 2388 2370 2437 20

224 2589 291 2649 et
352 2584 525 2669 quod
590 2589 775 2651 extra
843 2584 1183 2651 humidum
1248 2583 1548 2651 deorsum
1611 2585 1876 2652 feretur.
1965 2588 2260 2653 manebit

100 2711 105 2715 ·
226 2692 447 2755 autem
501 2692 751 2775 portic,
808 2694 875 2755 et
926 2691 1106 2756 basis
1154 2695 1221 2755 et
1255 2695 1299 2772 †
1343 2690 1728 2776 magnitudo
1788 2695 1852 2757 et
1908 2693 2261 2759 seeundum

224 2817 430 2861 unum
478 2798 737 2883 signum
780 2799 1012 2884 tanget
1056 2797 1463 2881 superficiem
1499 2797 1766 2883 humidi,
1814 2802 1882 2863 et
1929 2800 2068 2865 axis
2107 2823 2260 2886 por-

224 2903 427 2970 tionis
466 2902 549 2967 ad
587 2903 993 2988 superficiem
1028 2902 1279 2968 humidi
1322 2903 1523 2969 faciet
1569 2906 1876 2990 angulum
1920 2906 2262 2991 aequalem
2295 2918 2372 2969 25

225 3010 646 3097 praescripto.

373 3140 424 3191 2.
461 3133 523 3188 in
568 3131 739 3188 tertio
786 3132 1159 3205 theoremate]
1182 3139 1207 3187 *ι’
1280 3133 1455 3187 immo
1500 3130 1563 3187 in
1607 3134 2088 3192 demonstratione
2131 3153 2260 3206 par·

225 3205 305 3260 tis
340 3204 409 3259 Π.
558 3210 608 3260 3.
647 3202 876 3274 enimJ,
882 3204 985 3271 ‚h“
1023 3204 1303 3273 Tartalea,
1344 3207 1411 3260 ut
1445 3204 1620 3261 etiam
1654 3205 1754 3261 lin.
1793 3212 1842 3263 5.
1987 3213 2040 3261 4.
2079 3208 2261 3275 „erit“

190 3274 511 3332 ‘Tei-talea.
658 3282 715 3330 8.-
748 3245 904 3346 axes]
940 3274 1137 3344 Nizze3
1176 3275 1554 3346 „diametros“
1589 3278 1875 3346 Tartalea3
1916 3278 2014 3335 cfr.
2051 3296 2106 3348 p.
2136 3284 2266 3346 415,

232 3352 297 3403 17
334 3349 453 3403 not.
604 3352 655 3401 9.
694 3347 755 3401 et
787 3345 843 3401 Z
850 3346 933 3419 Ἰ]
976 3319 1191 3402 lacuna
1214 3349 1416 3416 aperta
1451 3348 1555 3418 est,
1593 3364 1737 3417 quae
1773 3365 1845 3405 ex
1877 3367 1932 3419 p.
1962 3355 2085 3417 413,
2119 3356 2146 3403 1
2179 3364 2264 3419 sq.

229 3417 713 3547 dffllen'l'daartalesga.
811 3391 1692 3572 123ai1t2i1113k8‘253ameguius
1727 3424 1882 3553 haidis
1896 3421 2268 3547 diffidiqgi:

228 3558 425 3629 perfici
402 3576 515 3627 1em
548 3560 612 3616 in
647 3578 758 3616 uno
796 3562 1003 3633 puncto
1042 3563 1367 3632 oontmget“
1405 3533 1619 3621 Conlm.

338 3658 634 3702 Arce-mnae
661 3660 1077 3712 managu
1874 3658 1943 3707 27

1337 1840 1426 1904 sit
1470 1844 1538 1905 Ω,
1586 1840 1785 1922 [ἐπιπ.
1834 1842 2044 1929 ἰσορρ.
2083 1841 2134 1927 I,
2163 1844 2251 1925 8].
2293 1854 2364 1906 15
2469 1861 2474 1865 ·
