2659 3967
420 181 553 246 132
1159 181 1358 232 ’ΠΕΡΙ
1395 179 1692 233 ΕΛΙΚῼΝ.

418 321 495 390 δὲ
552 330 665 390 ἴσα
720 323 859 391 ἐντὶ
915 326 1006 415 τῷ
1064 347 1135 389 τε
1190 319 1322 388 ὑπὸ
1383 323 1506 388 τᾶν
1556 326 1719 405 ΔΘ,
1766 324 1897 387 ΘΓ
1939 318 2052 386 καὶ
2105 322 2196 411 τῷ
2253 324 2450 410 τρίτῳ

418 430 603 517 μέρει
649 433 772 497 τοῦ
819 425 951 497 ἀπὸ
999 432 1115 508 τᾶς
1162 433 1285 495 ΓΔ
1330 425 1772 515 τετραγώνου.
1845 426 1984 494 ἐπεὶ
2031 417 2158 493 οὖν
2203 424 2280 492 τὸ
2328 423 2452 511 μὲν

416 537 477 611 Ξ
516 540 769 624 χωρίον
814 535 969 603 ποτὶ
1013 533 1087 602 τὸ
1128 539 1444 602 ΚΛΜΝ
1481 536 1726 600 τοῦτον
1764 536 1895 619 ἔχει
1932 529 2054 599 τὸν
2091 529 2321 617 λόγον,
2370 526 2457 598 ὃν

419 638 494 708 τὸ
552 638 682 709 ὑπὸ
750 645 875 708 τᾶν
923 648 1087 726 ΘΔ,
1155 645 1285 707 ΓΕ
1345 638 1497 707 ποτὶ
1555 636 1635 706 τὰ
1704 635 2179 726 συναμφότερα
2242 637 2319 705 τό
2383 662 2454 705 τε

344 764 379 812 ὅ
417 745 550 818 ὑπὸ
607 735 732 815 τᾶν
780 754 944 833 ΔΘ,
1000 752 1131 814 ΘΓ
1177 747 1290 813 καὶ
1337 744 1411 814 τὸ
1469 750 1697 833 τρίτον
1744 746 1943 833 μέρος
1985 749 2110 830 τοῦ
2157 743 2287 813 ἀπὸ
2335 749 2458 824 τᾶς

419 859 545 922 ΓΔ
601 852 1058 943 τετραγώνου,
1117 854 1191 922 τὸ
1251 852 1325 920 δὲ
1381 858 1698 920 ΚΛΜΝ
1742 853 1894 920 ποτὶ
1948 851 2024 920 τὸ
2072 859 2173 936 Ν,
2232 847 2314 918 ὃν
2369 849 2454 917 τὰ

418 959 899 1047 συναμφότερα
952 960 1028 1029 τό
1084 985 1154 1027 τε
1210 956 1343 1027 ὑπὸ
1391 963 1518 1026 τᾶν
1567 966 1730 1045 ΔΘ,
1777 965 1908 1026 ΘΓ
1945 958 2056 1025 καὶ
2101 955 2177 1025 τὸ
2222 962 2458 1043 τρίτον

421 1067 622 1154 μέρος
676 1070 797 1134 τοῦ
845 1064 977 1134 ἀπὸ
1025 1069 1143 1145 τοῖς
1187 1070 1315 1133 ΓΔ
1359 1065 1782 1154 τετραγώνου
1828 1065 1980 1134 ποτὶ
2025 1063 2102 1132 τὸ
2148 1061 2282 1134 ὑπὸ
2328 1067 2463 1130 τᾶν

362 1221 365 1226 -
418 1177 554 1258 ΘΓ,
586 1180 743 1258 ΔΒ,
783 1177 913 1260 ἔχει
943 1171 1076 1261 ἄρα
1105 1172 1217 1238 καὶ
1246 1170 1321 1239 τὸ
1354 1173 1416 1249 Ξ
1436 1171 1589 1239 ποτὶ
1617 1169 1692 1239 τὸ
1722 1178 1801 1238 Ν
1819 1169 1940 1239 τὸν
1977 1168 2186 1238 αὐτὸν
2223 1170 2458 1257 λόγον,

314 1295 380 1344 10
420 1275 501 1346 ὃν
556 1281 632 1346 τὸ
689 1276 822 1347 ὑπὸ
881 1283 1006 1347 τᾶν
1052 1286 1208 1365 ΘΔ,
1256 1285 1396 1360 ΓΕ,
1437 1278 1588 1346 ποτὶ
1635 1275 1710 1346 τὸ
1757 1275 1890 1345 ὑπὸ
1938 1279 2062 1344 τᾶν
2109 1281 2252 1363 ΘΓ,
2301 1285 2460 1344 ΔΒ.

413 1383 489 1453 τὸ
547 1385 624 1453 δὲ
681 1383 815 1454 ὑπὸ
872 1390 998 1453 τᾶν
1046 1394 1201 1471 ΘΛ,
1251 1391 1380 1453 ΓΕ
1429 1386 1581 1454 ποτὶ
1636 1383 1712 1453 τὸ
1770 1382 1903 1454 ὑπὸ
1954 1389 2078 1452 τᾶν
2125 1390 2268 1470 ΘΓ,
2319 1391 2459 1451 ΔΒ

413 1491 535 1560 τὸν
591 1491 803 1562 αὐτὸν
861 1498 991 1581 ἔχει
1037 1493 1277 1579 λόγον,
1326 1490 1408 1561 ὃν
1457 1490 1498 1559 ἁ
1555 1500 1690 1560 ΘΔ
1741 1493 1895 1560 ποτὶ
1941 1491 2066 1560 τὰν
2112 1498 2255 1576 ΘΓ,
2313 1491 2454 1559 ἐπεὶ

417 1607 551 1667 ἴσαι
599 1600 736 1668 ἐντὶ
784 1603 859 1668 αἱ
892 1606 1041 1686 ΓΕ,
1087 1607 1240 1667 ΒΔ.
1316 1603 1528 1686 δῆλον
1577 1591 1726 1684 οὖν,
1775 1597 1878 1666 ὅτι
1923 1599 2034 1666 καὶ
2079 1596 2154 1667 τὸ
2202 1601 2260 1676 Ξ
2301 1597 2478 1665 ποτὶ·

414 1705 489 1774 τὸ
530 1712 610 1774 Ν
645 1711 891 1775 τοῦτον
939 1711 1070 1794 ἔχει
1116 1705 1237 1775 τὸν
1283 1705 1514 1792 λόγον,
1562 1703 1644 1773 ὃν
1692 1702 1734 1771 ἆ
1774 1712 1909 1772 ΘΛ
1953 1705 2103 1773 ποτὶ
2147 1701 2275 1772 τάν
2313 1708 2454 1772 ΘΓ.

312 1828 381 1878 15
556 1810 807 1900 ὁμοίως
864 1812 939 1880 δὲ
991 1814 1418 1900 δειχθησέται
1464 1811 1576 1878 καὶ
1619 1810 1695 1879 τὸ
1744 1819 1821 1879 Ν
1858 1812 2009 1880 ποτὶ
2055 1810 2130 1879 τὸ
2180 1817 2271 1878 Μ
2303 1813 2454 1878 τοῦ·

415 1945 535 1988 τον
584 1924 739 2007 ἔχον
785 1916 906 1986 τὸν
952 1917 1196 2005 λόγον,
1260 1915 1344 1986 ὃν
1391 1915 1433 1984 ἁ
1480 1923 1610 1985 ΘΓ
1647 1917 1798 1985 ποτὶ
1827 1916 1969 1985 τάν
2016 1925 2171 2004 ΘΒ,
2217 1918 2329 1984 καὶ
2375 1915 2457 1984 τὸ

417 2032 507 2091 Μ
541 2025 693 2093 ποτὶ
738 2022 815 2092 τὸ
866 2033 959 2110 Λ,
1018 2021 1101 2093 ὃν
1148 2021 1190 2092 ἆ
1243 2030 1374 2092 ΒΘ
1419 2025 1570 2093 ποτὶ
1615 2023 1742 2092 τὰν
1789 2031 1934 2093 ΛΘ.
2027 2028 2101 2092 αἱ
2145 2023 2220 2092 δὲ
2267 2028 2452 2107 [ΕΘ]

418 2139 582 2217 ΔΘ,
631 2138 784 2215 ΓΘ,
841 2135 995 2215 ΒΘ,
1043 2137 1177 2198 ΑΘ
1236 2128 1502 2199 εὐθείαι
1562 2129 1682 2199 τὸν
1741 2133 1878 2198 τῶν
1933 2131 2081 2217 ἑξῆς
2119 2129 2458 2219 ’ἀριθμῶν

417 2236 628 2323 λόγον
677 2243 914 2324 ἔχοντι.
2051 2235 2062 2244 ’

308 2427 378 2476 20
1378 2415 1507 2502 κη’.

552 2545 646 2605 Εἴ
691 2565 776 2606 κα
835 2538 939 2606 ἐπὶ
996 2541 1116 2618 τοῖς
1172 2540 1389 2618 ἕλικος
1442 2543 1559 2619 τᾶς
1618 2543 1690 2608 ἐν
1738 2537 2069 2632 ὁποιᾳοῦν
2115 2547 2454 2632 περιφορᾷ

414 2646 875 2734 γεγραμμένας
940 2645 1067 2713 δύο
1136 2658 1376 2732 σαμεῖα
1442 2647 1830 2733 λαφθέωντι
1895 2645 1981 2734 μὴ
2044 2647 2123 2715 τὰ
2180 2650 2456 2737 πέρατα,

416 2748 547 2819 ἀπὸ
591 2750 665 2818 δὲ
702 2755 837 2820 τῶν
875 2739 1282 2839 λαφθέντων
1320 2757 1617 2838 σαμείων
1653 2755 2158 2841 ἐπιζευχθέωντι
2188 2752 2454 2823 εὐθείαι

420 2858 525 2924 ἐπὶ
581 2858 707 2925 τὰν
765 2856 981 2946 ἀρχὰν
1036 2863 1155 2938 τοῖς
1211 2860 1459 2944 ἕλικος,
1514 2859 1626 2925 καὶ
1680 2861 1931 2952 κέντρῳ
1979 2860 2101 2947 μὲν
2148 2865 2228 2951 τᾷ
2277 2859 2454 2951 ἄρχᾷ

308 2977 379 3024 25
418 2966 536 3041 τᾶς
592 2963 839 3049 ἕλικος,
897 2963 1414 3051 ὃιαστημάτεσσι
1471 2964 1546 3032 δὲ
1602 2978 1741 3044 τοῖς
1796 2962 1926 3034 ἀπὸ
1973 2971 2110 3034 τῶν
2157 2971 2453 3053 σαμείων

420 3067 525 3136 ἐπὶ
571 3068 697 3141 τὰν
744 3067 961 3156 ἀρχὰν
1007 3074 1125 3150 τᾶς
1172 3071 1391 3150 ἕλικος
1434 3069 1670 3139 κύκλοι
1706 3073 2111 3160 γραφέωντι,
2158 3072 2232 3141 τὸ
2273 3097 2453 3162 περι-

416 3172 687 3261 λαφθὲν
743 3181 993 3263 χωρίον
1040 3173 1171 3244 ὑπό
1220 3202 1290 3244 τε
1337 3181 1456 3257 τᾶς
1500 3183 1801 3263 μείζονος
1847 3181 1973 3245 τᾶν
2020 3183 2456 3267 περιφερειᾶν

562 3393 609 3444 3.
648 3406 786 3452 προς
822 3403 923 3456 per
961 3403 1138 3456 comp.
1167 3387 1237 3456 Ἐς
1277 3405 1416 3444 corr.
1448 3390 1743 3445 TorelliuS.
1854 3397 1903 3445 4.
1933 3387 2024 3462 τό]
2058 3390 2198 3460 (alt.)
2228 3391 2452 3462 scripsi3

417 3478 493 3512 τω
530 3459 590 3525 F,
628 3458 817 3528 uulgo,
947 3463 995 3512 5.
1036 3459 1215 3512 ΑΘΓ
1243 3459 1306 3530 F,
1343 3460 1534 3530 uulgo.
1665 3466 1712 3516 6.
1751 3457 1814 3516 τὸ
1855 3459 1946 3532 δέ]
1986 3481 2057 3516 τα
2095 3464 2157 3516 δε
2197 3462 2268 3528 F3
2308 3479 2448 3519 corr.

322 3549 326 3553 ·
416 3528 706 3585 TorelliuS.
848 3536 896 3583 7.
935 3531 1114 3584 ΑΘΓ
1146 3529 1208 3598 F,
1246 3531 1438 3600 uulgo,
1571 3536 1617 3586 8.
1659 3528 1721 3587 τὸ
1760 3527 1900 3603 ὑπό]
1939 3553 2009 3587 τα
2047 3551 2159 3588 vno
2195 3533 2264 3601 F;
2305 3551 2452 3590 corr.
