2659 3967
401 203 533 268 194
915 201 1300 253 ΕΠῙΠΕΔΩΝ
1336 196 1792 250 ΙΣΟΡΡΟΠΙΩΝ
1826 197 1871 246 Β
1883 191 1917 248 ’.

536 345 674 413 ἐπεὶ
734 343 864 431 γὰρ
924 348 1046 411 τοῦ
1105 341 1228 429 μὲν
1275 349 1341 407 A
1351 347 1489 408 ΕΚ
1496 345 1561 406 Γ
1610 342 1964 427 τραπεζίου
2021 333 2097 403 τὸ
2154 334 2465 421 κέντρον

395 455 522 520 τοῦ
579 450 822 538 βάρεος
877 452 983 519 ἐπὶ
1036 454 1157 529 τᾶς
1217 456 1354 516 ΛΔ
1409 451 1577 533 ἐστι,
1643 447 1767 513 τοῦ
1834 442 1910 511 δὲ
1968 447 2226 510 ΕΖΙΚ
2289 465 2459 529 τρα·

396 563 627 638 πεζίου
681 556 757 626 τὸ
813 559 1092 646 κέντρον
1141 556 1246 624 ἐπὶ
1289 558 1412 634 τᾶς
1457 560 1639 640 ΜΛ,
1693 555 1817 620 τοῦ
1867 550 1942 619 δὲ
1989 553 2247 618 ΖΗΘΙ
2289 572 2459 634 τρα-

399 1715 627 1792 πεζίου
672 1707 748 1778 τὸ
795 1709 1074 1798 κέντρον
1123 1710 1228 1778 ἐπὶ
1271 1713 1393 1788 τοῖς
1418 1717 1599 1799 ΜΝ,
1646 1717 1743 1780 ἔτι
1790 1713 1866 1781 δὲ
1910 1715 2024 1783 καὶ
2070 1724 2193 1787 τοῦ
2231 1727 2459 1789 ΗΒΘ

327 1837 364 1887 5
400 1817 738 1906 τριγώνου
782 1815 858 1885 τὸ
905 1818 1187 1905 κέντρον
1229 1821 1353 1886 τοῦ
1399 1817 1640 1907 βάρεος
1688 1821 1793 1888 ἐπὶ
1836 1826 1956 1902 τᾶς
1992 1831 2153 1912 ΒΝ,
2201 1830 2453 1914 δῆλον,

403 1923 506 1994 ὅτι
551 1925 664 1992 καὶ
699 1928 832 1991 ,τοῦ
871 1922 1036 1992 ὅλου
1073 1921 1562 2013 εὐθυγράμμου
1598 1924 1673 1994 τὸ
1713 1928 1994 2017 κέντρον
2031 1934 2155 1998 τοῦ
2192 1931 2454 2020 βάρεος

403 2031 510 2100 ἐπὶ
555 2035 676 2111 τᾶς
721 2038 857 2098 ΒΔ
902 2032 1100 2098 ἐστιν.

1372 2236 1414 2294 γ
1447 2261 1462 2276 .

541 2339 635 2398 Ec
688 2358 773 2399 κα
837 2331 964 2408 δύο
1028 2332 1387 2419 τμαμάτων
1444 2330 1700 2420 ὁμοίων
1755 2338 2246 2423 περιεχομένων
2301 2335 2443 2407 ὑπὸ

299 2455 368 2505 10
406 2436 678 2518 εὐθείας
722 2465 792 2506 τε
836 2439 948 2506 καὶ
996 2436 1429 2526 ὀρθογωνίου
1472 2439 1699 2509 κώνου
1744 2446 1951 2528 τομᾶς
1988 2447 2083 2523 εἰς
2120 2443 2450 2533 ἑκάτερον

404 2543 890 2633 εὐθύγραμμον
937 2549 1236 2636 ἐγγραφῇ
1275 2552 1648 2634 γνωρίμως,
1696 2552 1931 2634 ἔχωντι
1970 2548 2045 2616 δὲ
2080 2549 2162 2616 τὰ
2204 2554 2449 2641 ἐγγρα-

403 2653 615 2739 φέντα
661 2650 1107 2742 εὐθύγραμμα
1152 2650 1268 2733 τὰς
1304 2651 1594 2739 πλευρὰς
1632 2661 1781 2732 ἴσας
1815 2657 1908 2743 τῷ
1948 2653 2196 2741 πλήθει
2234 2653 2449 2726 ἄλλοέ-

401 2768 570 2846 λαις,
608 2765 744 2829 τῶν
782 2757 1283 2847 εὐθυγράμμων
1317 2756 1399 2825 τὰ
1437 2751 1679 2845 κέντρα
1716 2763 1852 2827 τῶν
1885 2761 2150 2847 βαρέων
2188 2759 2453 2850 ὁμοίως

403 2870 711 2955 τέμνοντι
755 2864 872 2947 τὰς
919 2868 1312 2954 διαμέτρους
1358 2869 1496 2934 τῶν
1539 2864 1917 2952 τμαμάτων.

297 2989 366 3038 15
540 2978 706 3041 ἔστω
746 2973 873 3040 δύο
901 2971 1204 3059 τμάματα
1231 2970 1312 3038 τὰ
1344 2977 1563 3056 ΑΒΓ,
1592 2972 1817 3056 ΞΟΠ,
1846 2972 1960 3037 καὶ
1990 2975 2449 3063 ἐγγεγράφθω

405 3084 502 3158 εἰς
547 3076 715 3147 αὐτὰ
764 3076 1209 3167 εὐθύγραμμα
1245 3083 1621 3165 γνωρίμως,
1667 3076 1780 3143 καὶ
1815 3081 1943 3146 τᾶν
1979 3084 2205 3148 πασᾶν
2243 3089 2453 3151 πλευ-

404 3190 535 3276 ρᾶν
589 3183 712 3253 τὸν
767 3181 1064 3272 ἀριθμὸν
1119 3183 1413 3271 ἐχόντων
1469 3179 1785 3263 ἄλλάλοις
1831 3192 2000 3253 ἴσον.
2050 3190 2447 3278 ·ὃιαμέτροι

404 3293 481 3361 δὲ
528 3297 826 3361 ἔστωσαν
870 3294 1007 3359 τῶν
1051 3288 1413 3377 τμαμοέτων
1460 3291 1535 3356 αἱ
1575 3297 1743 3376 ΒΔ,
1795 3295 1936 3377 ΟΡ,
1980 3293 2094 3359 καὶ
2142 3293 2453 3382 ἐπεζεύχ-

401 3410 643 3468 θωσαν
704 3400 779 3466 αῖ
835 3404 1000 3484 ΕΚ,
1060 3404 1194 3484 ΖΙ,
1250 3404 1389 3464 ΗΘ
1445 3396 1557 3466 καὶ
1605 3403 1769 3483 ΣΤ,
1830 3405 1990 3484 ΤΦ,
2037 3405 2202 3467 ΧΨ.
2296 3402 2453 3469 ἐπεὶ

552 3568 599 3615 1.
639 3562 815 3614 ΑΕΚ
822 3558 903 3628 Γ]
943 3545 1047 3612 Ε-Ζ
1085 3545 1186 3612 H(-
1205 3555 1325 3612 FV.
1415 3559 1748 3627 τραπεζειου
1776 3557 1837 3622 F,
1868 3557 2060 3628 uulgo,
2087 3561 2152 3614 ui:
2177 3557 2277 3613 lin.
2302 3565 2354 3630 2,
2386 3566 2451 3615 3-
