2659 3967
1034 186 1472 242 ARENARJUS.
2136 187 2268 250 255

235 335 548 400 uerticem
592 335 660 399 in
700 334 891 400 oculo
927 332 1217 416 habenti,
1259 331 1385 396 hoc
1421 331 1613 397 modo
1653 335 1950 416 sumptus
1987 335 2104 395 est.
2165 352 2271 416 cy-

237 440 451 507 lindro
498 441 569 505 in
612 440 841 525 regula
887 440 983 504 ita
1028 439 1111 504 ab
1159 438 1350 530 oculo
1395 441 1666 517 remoto,
1711 443 1788 502 ut
1831 437 1959 502 soli
2001 438 2129 501 toti
2177 437 2270 502 of·

236 547 444 632 ficiat,
498 551 565 612 et
619 546 811 611 lineis
870 546 952 611 ab
1010 547 1299 609 extrema
1355 544 1607 629 regula,
1667 566 1795 629 quo
1850 543 1995 610 loco
2043 543 2271 608 oculus

236 653 497 738 positus
534 657 695 736 erat,
738 651 1107 737 cylindrum
1145 649 1678 736 contingentibus
1717 651 1946 734 ductis,
1993 651 2270 734 angulus

238 759 429 825 lineis
474 759 567 824 ita
614 756 826 824 ductis
872 755 1376 841 comprehensus
1424 777 1556 820 non
1601 756 1815 820 minor
1860 759 1964 821 est
2009 756 2272 840 angulo,

239 866 343 930 cui
414 865 514 930 sol
572 868 839 948 aptatur
902 862 1213 928 uerticem
1278 861 1352 926 in
1415 863 1605 928 oculo
1668 862 1959 928 habenti.
2052 864 2270 947 itaque
2296 868 2376 935 16

238 993 385 1037 cum
432 971 693 1056 angulis
740 970 837 1034 ita
884 967 1301 1052 deprehensis
1351 968 1664 1054 angulum
1701 971 1951 1034 rectum
1988 969 2272 1052 metirer,

238 1078 517 1163 angulus
574 1077 657 1144 ad
709 1078 1024 1161 punctum
1078 1075 1333 1160 positus
1349 1069 1400 1160 1)
1449 1075 1662 1140 minor
1709 1079 1852 1141 erat
1894 1097 2024 1141 una
2067 1079 2272 1160 parte,

237 1186 419 1249 recto
458 1182 700 1269 angulo
738 1183 809 1246 in
843 1185 1066 1267 partes
1111 1180 1238 1245 164
1274 1180 1508 1264 diuiso,
1552 1180 1764 1247 minor
1799 1203 1956 1247 uero
1996 1183 2272 1267 angulus

236 1290 449 1354 maior
502 1311 632 1354 una
683 1291 947 1380 parte,
955 1289 1134 1352 recto
1190 1288 1432 1372 angulo
1479 1287 1548 1352 in
1593 1293 1812 1371 partes
1862 1271 1994 1352 200
2043 1286 2271 1352 diuiso.

238 1396 511 1481 adparet
564 1395 794 1479 igitur,
849 1393 1049 1458 etiam
1105 1393 1446 1477 angulum,
1503 1393 1626 1458 cui
1662 1394 1762 1458 sol
1819 1397 2085 1477 aptatur
2129 1416 2272 1458 uer-

235 1502 432 1567 ticem
479 1502 553 1565 in
604 1501 791 1566 oculo
837 1499 1127 1583 habenti,
1172 1498 1491 1563 minorem
1539 1520 1680 1563 esse
1724 1520 1854 1563 una
1898 1502 2113 1581 parte,
2162 1521 2272 1563 an-

237 1608 392 1694 gulo
451 1611 628 1672 recto
686 1607 756 1670 in
812 1610 1035 1690 partes
1087 1605 1215 1668 164
1270 1603 1508 1686 diuiso,
1567 1603 1880 1668 maiorem
1935 1626 2094 1668 uero
2142 1628 2272 1670 una

234 1719 449 1800 parte,
506 1716 683 1779 recto
732 1713 972 1798 angulo
1018 1712 1085 1777 in
1132 1713 1354 1796 partes
1400 1709 1536 1773 200
1582 1708 1811 1773 diuiso.
1901 1710 2006 1774 his
2054 1716 2270 1776 autem
2294 1719 2373 1784 17

236 1821 636 1896 confirmatis
679 1818 1291 1900 demonstrabimus,
1339 1815 1728 1880 diametrum
1764 1815 1920 1880 solis
1958 1816 2270 1882 maiorem

236 1949 379 1993 csse
416 1927 623 1991 latere
660 1924 907 2010 figurae
947 1923 1128 1989 mille
1163 1924 1440 1988 laterum
1469 1922 1706 1986 circulo
1737 1922 2020 1988 maximo
2049 1924 2273 1988 mundi

234 2033 606 2118 inscriptae.
696 2031 982 2117 fingatur
1042 2031 1213 2095 enim
1258 2030 1526 2112 planum
1571 2050 1686 2113 per
1732 2032 1954 2094 centra
1999 2030 2157 2096 solis
2205 2035 2272 2095 et

233 2145 450 2205 terrae
506 2140 573 2202 et
626 2159 743 2223 per
789 2137 1046 2202 oculum
1092 2136 1408 2221 positum,
1468 2158 1614 2201 cum
1661 2137 1760 2201 sol
1805 2138 2026 2221 paullo
2073 2159 2272 2222 supra

233 2246 638 2312 horizontem
696 2248 814 2310 est.
907 2247 974 2309 et
1029 2243 1295 2329 planum
1353 2245 1449 2307 ita
1502 2244 1786 2328 positum
1841 2243 2154 2309 mundum
2201 2244 2270 2308 in

236 2353 482 2419 circulo
536 2355 744 2416 ΑΒΓ
790 2355 991 2433 secet,
1049 2353 1293 2414 terram
1356 2355 1574 2415 autem
1634 2350 1702 2415 in
1762 2350 1999 2416 circulo
2049 2355 2116 2414 A
2128 2354 2272 2433 EZ,

240 2458 449 2525 solem
500 2461 715 2524 autem
766 2457 834 2522 in
882 2456 1125 2522 circulo
1163 2460 1322 2521 ΣΗ.
1389 2460 1456 2520 et
1493 2461 1703 2522 terrae
1740 2460 2034 2522 centrum
2074 2456 2162 2520 sit
2198 2461 2270 2538 Θ,

383 2620 437 2686 1)
474 2615 543 2672 Η.
584 2632 629 2671 e.
675 2613 947 2684 angulus,
998 2611 1156 2668 cuius
1201 2614 1398 2668 uertex
1443 2614 1531 2667 est
1574 2613 1843 2695 punctum
1891 2611 2035 2666 illud
2081 2613 2139 2665 in
2177 2629 2270 2666 ex-

240 2689 423 2742 trema
450 2687 649 2757 regula
674 2687 919 2756 positum
941 2684 1059 2752 (lin.
1082 2687 1153 2753 4),
1184 2701 1310 2740 cum
1337 2685 1536 2738 uertex
1561 2682 1756 2753 anguli
1781 2683 2010 2737 minoris
2029 2682 2148 2751 (lin.
2180 2686 2270 2752 11)

237 2758 399 2814 extra
434 2757 689 2828 regulum
749 2755 918 2810 cadat
951 2763 1182 2824 propter
1218 2752 1500 2824 cylindros
1535 2754 1689 2823 illos,
1735 2754 1794 2807 in
1832 2769 1898 2808 eo
1934 2753 2269 2808 inueniendo

235 2831 551 2898 usurpatos.
627 2826 851 2892 Quaest.
891 2825 1058 2882 Arch
1096 2843 1151 2894 p.
1190 2831 1313 2880 204.

236 2971 325 3028 ed.
365 2971 535 3026 Basil.
607 2968 822 3026 Deinde
859 2969 919 3023 in
956 2968 1000 3022 F
1038 2966 1201 3022 VCD
1239 2967 1570 3036 repetuntur
1605 2965 1802 3020 uerba·
1839 2960 1878 3018 ἆ
1919 2964 1984 3020 δὲ
2026 2960 2270 3021 ἐλάττων

231 3042 335 3098 lin.
375 3049 531 3096 11—
554 3061 615 3096 εν
653 3037 821 3113 μέρος
870 3041 964 3093 lin.
1007 3045 1101 3107 15,
1146 3040 1230 3093 ita
1274 3043 1341 3093 ut
1374 3038 1628 3107 plerique
1667 3053 1882 3092 errores
1919 3037 2272 3108 corrigantur

235 3113 398 3200 (hab.
434 3113 536 3174 τᾶς
582 3061 766 3180 ὀρθᾶς
810 3110 907 3166 lin.
949 3115 1043 3178 153
1086 3109 1156 3166 ἓν
1203 3107 1373 3181 μέρος
1408 3108 1505 3163 lin.
1546 3114 1638 3177 15ς
1687 3101 1844 3171 ἅλιος
1879 3107 1977 3163 lin.
2018 3115 2110 3176 133
2167 3127 2271 3179 pro

238 3182 322 3246 εἰς
358 3177 433 3239 ἅν
470 3182 567 3240 1111.
610 3189 703 3238 13:
742 3201 789 3236 oc
818 3198 976 3247 ισανς
1012 3198 1117 3251 pro
1155 3200 1215 3243 ες
1248 3180 1348 3234 lin.
1390 3186 1486 3235 15.
1526 3183 1650 3250 εις).
1755 3185 1838 3235 17.
1874 3177 2268 3250 δειχθησέται]

237 3254 463 3324 scripsi3
502 3249 599 3310 ·’ὃι
641 3275 721 3310 ων
756 3252 830 3321 Ἐ,
876 3252 1013 3322 uulg
1015 3271 1073 3319 03
1132 3253 1427 3307 δείκνυται
1461 3250 2035 3321 Wallis,'1'orellius.
2186 3257 2268 3306 18.

236 3329 597 3412 χιλιαγωνιου
635 3324 703 3392 Ἐς
746 3341 883 3380 corr.
924 3269 1013 3379 B.g
1122 3328 1208 3378 20.
1246 3323 1385 3394 τῶν]
1425 3342 1531 3379 wc
1567 3323 1635 3392 F3
1676 3340 1815 3379 corr.
1851 3321 2072 3377 Wallis.
2182 3329 2268 3376 21.

182 3461 193 3471 ·
234 3397 337 3450 τοῦ
384 3393 551 3451 ἁλίου
595 3394 697 3451 καὶ
740 3396 841 3450 τοῦ
890 3381 1156 3466 κέντρου]
1205 3394 1426 3463 addidi3
1483 3412 1591 3451 om.
1631 3395 1702 3462 F,
1747 3395 1948 3463 uulgo;
2002 3395 2132 3463 post
2165 3394 2271 3463 γᾶς

233 3467 333 3520 lin.
364 3473 433 3520 22
468 3467 528 3522 in
562 3467 609 3520 B
648 3460 901 3523 additur·
940 3465 1038 3522 καὶ
1075 3467 1175 3520 τοῦ
1216 3459 1398 3535 ἁλίου,
1437 3468 1497 3522 et
1533 3467 1614 3521 sic
1641 3465 1848 3521 Wallis
1884 3468 1944 3522 et
1975 3465 2270 3520 Torellius.

236 3543 324 3594 23.
368 3532 675 3610 ἑκβληθέυ]
716 3538 913 3607 scripsi
950 3553 1075 3592 cum
1112 3536 1406 3605 Wallisio3
1446 3539 1794 3609 εκβεβληθεν
1831 3535 1891 3604 F,
1930 3537 2115 3608 uulgo,
