2659 3967
401 181 538 245 442
1001 176 1222 235 LIBER
1257 177 1824 235 ASSUMPTORUM.

406 327 699 413 aequalis
755 328 857 391 est
919 326 1169 392 duobus
1234 324 1445 391 rectis:
1537 328 1604 390 et
1665 328 2004 391 remanent
2057 324 2128 389 in
2181 324 2440 407 quadri·

406 434 612 499 latero
640 430 929 497 ADFG
976 432 1101 497 duo
1150 432 1374 516 anguli
1399 430 1640 517 ΑΒΕ,
1683 430 1904 499 AGF
1943 431 2244 515 aequales
2283 430 2440 497 duo·

408 539 529 605 bus
582 538 797 605 reclzis.
888 537 1003 603 sed
1058 538 1331 621 angulus
1376 537 1599 603 ΔΗΒ
1651 541 1866 604 rectus
1922 540 2047 624 esss3
2107 558 2264 623 ergo
2323 559 2438 601 an·

407 646 600 731 galus
635 641 843 711 AGG
882 647 984 709 est
1029 646 1261 728 rectus,
1306 647 1376 708 ei,
1411 642 1534 709 OG
1568 640 2116 728 perpendicularis
2155 642 2238 708 ad
2273 642 2440 710 AB.

406 755 475 817 elz
519 752 643 818 hoc
690 753 810 835 est,
854 750 1027 835 quod
1072 750 1414 816 noluimus.

1330 944 1509 1012 XIII.

546 1068 617 1135 Si
670 1072 897 1134 mutuo
954 1091 1021 1133 se
1078 1073 1301 1135 secent
1347 1069 1511 1136 duae
1557 1069 1766 1133 lineae
1811 1068 1981 1152 AB,
2027 1068 2154 1133 OD
2199 1068 2268 1132 in
2316 1067 2436 1133 cir-

410 1177 572 1260 culo,
620 1180 687 1241 et
720 1175 920 1241 fuerit
954 1175 1099 1240 AB
1136 1174 1450 1241 diameter
1484 1176 1682 1258 illius,
1729 1177 1799 1239 ala
1834 1196 1968 1240 non
1996 1173 2139 1259 OD,
2185 1177 2252 1237 et
2288 1173 2436 1238 edu-

410 1285 641 1348 cantur
685 1303 765 1345 ex
812 1281 1062 1347 duobus
1108 1282 1368 1364 punctis
1413 1282 1506 1366 A,
1550 1280 1619 1345 B
1665 1281 1827 1345 duae
1870 1278 2436 1365 perpendiculares

412 1388 495 1453 ad
530 1385 674 1471 01),
720 1410 884 1472 quac
930 1389 1064 1453 sint
1100 1387 1256 1473 AE,
1293 1388 1451 1472 BF,
1495 1388 1720 1472 utique
1767 1385 2151 1453 abscindent
2197 1408 2276 1451 ex
2321 1388 2436 1452 illa

408 1494 548 1578 OF,
592 1493 741 1561 DE
782 1495 1102 1579 aequales,

543 1603 887 1687 iungamus
916 1602 1060 1667 ΕΒ
1094 1604 1161 1667 et
1197 1601 1543 1667 educamus
1581 1624 1660 1665 ex
1691 1601 1752 1685 Ι,
1789 1601 1962 1685 quod
1990 1604 2091 1665 est
2123 1604 2436 1685 censa-um,

1369 1708 1964 1791 perpendicularem
2041 1706 2094 1770 Ι
2097 1706 2161 1772 G
2243 1728 2436 1791 super

1369 1810 1498 1879 OD
1551 1816 1618 1877 et
1668 1814 2102 1897 producamus
2161 1834 2307 1879 eam
2352 1813 2435 1877 ‚ad

1367 1919 1454 1983 H
1513 1920 1584 1983 in
1653 1918 1834 1985 ER..
1940 1923 2007 1984 et
2089 1919 2241 2004 quia
2313 1918 2436 1984 IG

1369 2029 1471 2090 est
1506 2024 2058 2109 perpendicularis
2095 2046 2174 2089 ex
2207 2030 2435 2091 centro

1369 2130 1451 2195 ad
1499 2130 1652 2216 OD,
1697 2132 1878 2196 illam
1925 2130 2231 2197 bifariam
2279 2132 2439 2197 diui-

1370 2238 1478 2301 det
1531 2238 1602 2301 in
1657 2236 1720 2303 G
1777 2236 1986 2317 [Eucl.
2031 2236 2156 2322 ΠΙ,
2204 2238 2302 2323 3];
2374 2244 2440 2303 et

1371 2344 1526 2427 quia
1555 2343 1608 2407 Ι
1609 2342 1689 2427 G,
1725 2344 1872 2409 ΑΕ
1903 2348 2057 2409 sunt
2093 2344 2258 2409 duae
2293 2365 2438 2427 per-

1416 2449 1862 2533 pendiculares
1923 2471 2118 2533 super
2178 2450 2388 2535 illam,

1369 2558 1557 2621 erunt
1592 2555 1944 2639 parallelae
1985 2554 2194 2637 [Eucl.
2216 2554 2275 2640 Ι,
2301 2556 2437 2637 28].

954 2708 959 2713 ·
1367 2666 1436 2727 et
1481 2662 1632 2745 quia
1668 2662 1797 2727 BI
1831 2660 2126 2747 aequalis
2165 2666 2266 2727 est
2301 2662 2358 2728 I
2355 2664 2437 2746 A,

409 2768 538 2833 erit
582 2766 650 2833 B
660 2769 746 2832 H
790 2768 1079 2852 aequalis
1126 2767 1255 2851 ipsi
1299 2766 1453 2833 HE
1497 2767 1702 2849 [Eucl.
1749 2766 1863 2852 VI,
1907 2769 2006 2853 2],
2063 2771 2128 2832 et
2171 2771 2439 2852 propter

413 2898 637 2940 earum
678 2875 1155 2959 aequalitatem,
1195 2878 1261 2938 et
1296 2873 1450 2958 quia
1476 2873 1625 2939 BF
1653 2878 1754 2939 est
1777 2874 2095 2959 parallela
2119 2874 2250 2958 ipsi
2275 2874 2362 2938 H
2360 2873 2438 2958 G,

413 2984 542 3047 erit
586 2980 722 3046 FG
769 2980 1055 3065 aequalis
1101 2980 1229 3065 ipsi
1268 2978 1420 3063 GE,
1467 2982 1535 3042 ei,
1579 3002 1658 3044 ex
1695 2979 1835 3063 GC,
1872 2978 2012 3044 GD
2057 2980 2436 3063 aequalibus

411 3091 751 3155 remanent
776 3086 915 3170 FO,
939 3086 1085 3153 ΕΙ)
1121 3086 1440 3171 aequales.
1495 3088 1562 3158 et
1588 3084 1713 3151 hoc
1741 3090 1860 3170 est,
1897 3085 2070 3169 quod
2095 3085 2437 3151 uoluimus.
2527 3103 2536 3113 ‘

1335 3276 1512 3346 XIV.

548 3382 619 3471 Si
652 3407 848 3472 fuerit
876 3406 1020 3472 AB
1056 3406 1517 3489 semicirculuS‚
1563 3408 1629 3469 et
1667 3424 1744 3469 ex
1781 3405 1919 3469 eius
1949 3402 2266 3469 diametro
2296 3402 2439 3468 AB

414 3510 728 3576 dissectae
784 3514 918 3577 sint
961 3509 1103 3595 AO,
1149 3511 1295 3576 BD
1343 3510 1668 3596 aequales,
1725 3512 1790 3575 el:
1837 3508 2201 3573 efficiantur
2242 3532 2438 3594 super
