2659 3967
439 146 570 211 312
892 148 1507 211 ΤΕΤΒΑΓΩΝῙΣΜΟΣ
1545 150 2011 206 ΠΑΡΑΒΟΑΗΣ.

1113 272 1116 275 ’
1406 306 1506 375 θ’.

553 426 770 496 Ἔστω
827 428 1031 497 πάλιν
1085 427 1163 496 τὸ
1219 429 1343 515 μὲν
1390 440 1455 497 A
1465 436 1528 497 Γ
1566 432 1826 520 ζύγιον,
1883 435 2089 522 μέσον
2136 434 2210 503 δὲ
2257 433 2503 505 αὐτοῦ

435 519 521 602 τὸ”
557 542 646 620 Β,
690 533 768 604 τὸ
818 535 892 603 δὲ
937 541 1154 604 ΓΔΚ
1194 542 1531 624 τρίγωνον
1577 537 2053 627 ἀμβλυγώνιον
2098 539 2299 627 βάσιν
2350 542 2501 629 μὲν

437 646 593 727 ἔχον
648 639 774 708 τάν
823 648 994 726 ΔΚ,
1049 638 1224 723 ὕψος
1279 641 1356 709 δὲ
1409 642 1533 711 τάν
1581 652 1721 714 ΕΓ.
1810 647 1923 714 καὶ
1977 645 2341 735 κρεμάσθω
2402 650 2489 714 ἐκ
2584 698 2586 715 ,

235 826 244 835 .
365 766 397 814 5
471 778 556 835 A
925 774 994 833 Β
1073 776 1162 835 h*
1350 779 1437 836 st
1506 756 1629 820 τοῦ
1678 758 1881 839 ζυγοῦ
1926 752 2093 821 κατὰ
2136 752 2217 821 τὰ
2265 760 2344 839 Γ,
2396 760 2495 821 E.

1505 856 1583 926 τὸ
1624 858 1700 927 δὲ
1728 867 1784 928 Ζ
1819 865 2068 947 χωρίον
2104 857 2485 949 κρεμάσθω
2586 916 2588 925 .

1386 956 1392 961 ’
1505 964 1670 1033 κατὰ
1746 963 1822 1034 τὸ
1890 975 1955 1033 A
2024 966 2137 1033 καὶ
2203 970 2485 1053 ἰσορρο-

1505 1078 1705 1141 πείτω
1758 1073 1850 1165 τῷ
1899 1078 2111 1140 ΔΓΚ
2159 1070 2482 1163 τριγώνῳ

1510 1176 1721 1257 οὕτως
1762 1182 2002 1265 ἔχοντι,
2050 1175 2141 1257 ὥς
2174 1182 2307 1245 νῦν
2342 1185 2493 1246 κεί·

1504 1310 1629 1352 ται.
1712 1281 1796 1352 ὃν
1853 1283 1928 1351 δὲ
1982 1283 2189 1369 λόγον
2246 1288 2378 1370 ἔχει
2426 1282 2480 1351 o‘c

1504 1397 1638 1459 AB
1683 1391 1836 1459 ποτὶ
1872 1388 2000 1458 τάν
2026 1396 2176 1475 ΒΕ,
2223 1392 2479 1457 τοῦτον

435 1492 634 1582 ἐχέτω
688 1492 765 1562 τὸ
813 1500 1016 1564 ΓΔΚ
1056 1502 1391 1586 τρίγωνον
1437 1498 1591 1565 ποτὶ
1634 1496 1711 1564 τὸ
1763 1504 1843 1564 Λ.
1936 1496 2107 1583 φαμὶ
2154 1494 2239 1581 δὴ
2284 1494 2359 1564 τὸ
2418 1504 2483 1563 Ζ
2592 1490 2594 1505 ’

433 1605 556 1669 τοῦ
603 1601 728 1687 μὲν
774 1607 837 1668 Λ
883 1609 1108 1689 μεῖζον
1154 1601 1362 1691 εἶμεν,
1407 1608 1531 1672 τοῦ
1578 1604 1652 1672 δὲ
1701 1610 1911 1672 ΔΓΚ
1952 1608 2253 1671 ἔλασσον.

571 1710 996 1795 ὃειχθησέται
1043 1706 1290 1795 ὁμοίως
1335 1714 1426 1803 τῷ
1477 1710 1822 1799 πρότερον.

332 1934 398 1982 15
1418 1922 1489 1991 ι’.

550 2044 768 2113 ’Έστω
816 2047 1017 2113 πάλιν
1051 2044 1128 2113 τὸ
1167 2047 1290 2132 μὲν
1327 2052 1538 2115 ΑΒΓ
1564 2044 1816 2131 ζύγιον,
1860 2045 1973 2113 καὶ
2011 2046 2217 2131 μέσον
2254 2044 2475 2113 αὐτοῦ
2598 2046 2600 2051 ’

433 2150 510 2219 τὸ
558 2159 646 2236 Β,
691 2149 767 2219 τὸ
817 2150 894 2220 δὲ
939 2159 1234 2220 ΒΔΗΚ
1273 2154 1631 2241 τραπέζιον
1675 2148 1793 2231 τὰς
1837 2151 1961 2239 μὲν
2008 2152 2159 2220 ποτὶ
2202 2164 2343 2230 τοῖς
2387 2159 2473 2236 Β,

433 2263 514 2325 Η
550 2262 850 2343 σαμείοις
894 2262 1142 2341 γωνίας
1185 2256 1407 2346 ὀρθὰς
1452 2264 1638 2347 ἔχον,
1684 2257 1813 2326 τάν
1860 2258 1937 2326 δὲ
1984 2265 2052 2326 Κ
2060 2267 2127 2325 Δ
2170 2256 2475 2344 πλευρὰν

436 2361 541 2430 ἐπὶ
595 2360 670 2430 τὸ
720 2366 784 2429 Γ
827 2361 1185 2431 νεύουσαν.
1275 2365 1388 2432 καὶ
1446 2361 1529 2433 ὃν
1585 2370 1718 2453 ἔχει
1773 2364 1983 2451 λόγον
2038 2360 2081 2431 ἁ
2125 2370 2261 2431 ΒΑ
2315 2365 2475 2431 ποτὶ

329 2481 399 2531 20
436 2467 561 2536 τάν
615 2474 785 2552 ΒΗ,
848 2471 1093 2537 τοῦτον
1158 2471 1357 2557 ἐχέτω
1420 2468 1495 2540 τὸ
1554 2478 1611 2540 Β
1624 2478 1856 2540 ΔΚΗ
1907 2472 2255 2560 τραπέζιον
2316 2471 2471 2555 ποτὶ

433 2573 510 2644 τὸ
569 2582 647 2642 Λ.
738 2573 1099 2663 κρεμάσθω
1168 2575 1244 2643 δὲ
1279 2577 1381 2645 τὸ
1439 2584 1736 2647 ΒΔΗΚ
1794 2578 2143 2664 τραπέζιον
2210 2576 2291 2671 ἐκ,
2344 2580 2468 2642 τοῦ

436 2685 639 2768 ζυγοῦ
683 2679 850 2750 κατὰ
897 2680 979 2749 τὰ
1022 2688 1114 2768 Β,
1159 2688 1240 2749 Η
1276 2698 1548 2771 σαμεῖα,
1593 2682 1965 2771 κρεμάσθω
2013 2681 2088 2749 δὲ
2132 2681 2244 2748 καὶ
2288 2678 2366 2748 τὸ
2412 2688 2472 2747 Ζ

433 2794 684 2877 χωρίον
738 2788 904 2858 κατὰ
962 2788 1040 2857 τὸ
1088 2798 1153 2857 Α
1195 2789 1308 2857 καὶ
1357 2794 1794 2877 ἰσορροπείτω
1840 2794 1933 2880 τῷ
1981 2793 2283 2857 ΒΔΚΗ
2318 2813 2469 2875 τρα-

433 2900 628 2985 πεζίῳ
687 2892 900 2974 οὕτως
955 2900 1205 2983 ἔχοντι,
1271 2892 1362 2976 ὥς
1414 2899 1545 2964 νῦν
1599 2892 1962 2963 ὖποκείται.
2054 2893 2225 2981 φαμὶ
2279 2891 2355 2961 τὸ
2410 2898 2467 2960 Ζ

328 3013 398 3063 25
434 3006 699 3087 χωρίον·
734 3004 1021 3069 ἔλασσον
1067 2998 1255 3086 εἶμεν
1299 3004 1423 3068 τοῦ
1472 3008 1549 3069 Λ.

568 3103 920 3191 τετμάσθω
975 3104 1104 3194 γὰρ
1161 3103 1203 3173 ἆ
1251 3111 1392 3173 ΑΓ
1428 3104 1594 3172 κατὰ
1642 3104 1717 3174 τὸ
1766 3114 1831 3173 Ε
1871 3105 2114 3192 οὕτως,
2172 3104 2338 3175 ὥστε
2384 3102 2467 3173 ὃν

435 3216 592 3298 ἔχει-
629 3210 838 3297 λόγον
884 3208 926 3278 ά
976 3216 1294 3279 διπλασία
1340 3216 1457 3293 τοῖς
1504 3218 1640 3280 ΔΒ
1698 3213 1811 3281 καὶ
1858 3210 1923 3281 ἆ.
1950 3218 2108 3281 KH
2139 3212 2294 3279 ποτὶ
2338 3210 2465 3279 τάν

436 3322 795 3386 διπλασίαν
841 3320 960 3396 τοῖς
988 3322 1141 3383 ΚΗ
1175 3316 1288 3382 καὶ
1325 3314 1449 3384 τάν
1478 3324 1637 3403 ΒΛ,
1684 3322 1928 3386 τοῦτον
1967 3322 2143 3405 ἔχειν
2178 3313 2302 3384 τὰν
2331 3324 2472 3385 ΕΗ

577 3501 627 3549 4.
667 3498 1041 3564 κεκρεμασθω
1080 3494 1151 3561 Ες
1190 3507 1328 3547 corr.
1368 3497 1433 3547 A.
1550 3500 1614 3549 ’6.
1654 3497 2029 3565 κεκρεμασθω
2066 3493 2135 3560 F;
2175 3509 2316 3548 corr.
2343 3491 2463 3548 AB.
