2659 3967
359 198 448 262 62
1119 200 1295 251 ΠΕΡΙ
1329 198 1627 255 ΕΛῙΚῼΝ.

359 338 525 409 αὐτὸ
591 338 772 433 αὐτῷ
840 340 1238 430 φερόμενον.
1331 343 1543 427 δῆλον
1608 332 1768 425 οὖν,
1834 337 1937 409 ὅτι
2001 337 2123 408 τὸν
2184 338 2403 408 αὐτὸν

360 451 582 533 ἔχοντι
629 446 838 533 λόγον
883 444 926 514 ἆ
964 453 1103 515 ΑΛ
1138 446 1410 534 γραμμὰ
1448 448 1600 515 ποτὶ
1636 445 1762 514 τάν
1790 455 1855 514 Α
1866 454 1945 533 Ε,
1993 442 2076 514 ὃν
2113 443 2156 513 ἆ
2196 452 2401 513 ΘΚΖ

357 554 748 642 περιφέρεια
793 551 950 640 μεθ’
992 552 1152 633 ὅλας
1186 557 1307 634 τᾶς
1341 557 1465 622 τοῦ
1499 552 1755 621 κύκλου
1788 558 2211 642 περιφερείας
2245 550 2401 621 ποτὶ

357 658 485 727 τὰν
547 666 690 728 ΘΚ
697 666 768 727 H
829 662 1259 749 περιφέρειαν
1324 656 1482 747 μεθ’
1553 657 1714 739 ὅλας
1773 664 1895 739 τοῖς
1956 663 2081 727 τοῦ
2142 658 2401 726 κύκλου

298 784 330 833 5
366 772 807 855 περιφερείας.

499 871 622 941 τὸν
668 871 880 941 αὐτὸν
928 872 1004 941 δὲ
1047 872 1302 961 τρόπον
1352 873 1805 960 ὃειχθησέται,
1850 872 1963 939 καὶ
2008 879 2076 939 εἴ
2112 896 2197 937 κα
2242 870 2399 939 ποτὶ

360 976 486 1047 τάν
551 982 626 1047 ἐν
680 984 762 1069 τᾷ
822 984 1012 1071 τρίτᾷ
1064 983 1399 1069 περιφορᾷ
1453 981 1921 1069 γεγραμμέναν
1977 979 2159 1046 ἕλικα
2213 1000 2401 1046 ποτι-

359 1089 648 1153 πεσῶντι
707 1084 1001 1174 εὐθείαι,
1056 1084 1161 1155 ὅτι
1214 1083 1337 1154 τὸν
1394 1082 1603 1155 αὐτὸν
1656 1085 1867 1173 λόγον
1922 1086 2209 1167 ἑξοῦντι·
2240 1082 2392 1153 ποτ’

361 1188 688 1278 ἄλλάλας,
743 1189 827 1261 ὃν
884 1195 959 1260 αἱ
1010 1194 1351 1282 εἰρημέναι
1409 1197 1823 1281 περιφερείαι
1868 1189 2023 1279 μεθ’
2076 1188 2236 1271 ὅλας
2279 1194 2401 1271 τᾶς

252 1315 319 1364 10
355 1300 478 1364 τοῦ
541 1298 795 1367 κύκλου
858 1288 1282 1389 περιφερείας
1347 1300 1451 1379 δὶς
1515 1300 2043 1385 λαμβανομένας.
2146 1294 2400 1384 ὁμοίως

356 1402 433 1471 δὲ
486 1405 598 1471 καὶ
653 1408 728 1471 αί
780 1406 930 1473 ποτὶ
977 1404 1094 1485 τὰς
1137 1403 1351 1485 ἄλλας
1395 1406 1614 1485 ἑλίκας
1658 1402 2175 1473 ποτιπιπτούσαι
2221 1407 2397 1471 δεικ-

353 1508 628 1596 νύνται,
679 1510 782 1580 ὅτι
827 1510 952 1580 τὸν
998 1509 1208 1580 αὐτὸν
1255 1516 1476 1599 ἔχοντι
1524 1512 1753 1598 λόγον,
1803 1508 1886 1579 ὃν
1933 1512 2009 1578 αἱ
2050 1511 2398 1599 εἰρημέναι

353 1624 773 1706 περιφερείαι
841 1616 997 1705 μεθ’
1068 1616 1228 1697 ὅλας
1291 1622 1411 1698 τᾶς
1467 1622 1589 1686 τοῦ
1652 1612 1910 1685 κύκλου
1974 1621 2400 1705 περιφερείας

353 1722 751 1803 τοσαυτάκις
804 1724 1350 1810 λαμβανομένοις,
1408 1721 1568 1803 ὅσος
1622 1723 1804 1792 ἐστὶν
1852 1719 1891 1790 ὁ
1939 1722 2041 1790 ἑνὶ
2088 1721 2398 1791 ἐλάσσων

252 1847 317 1896 15
354 1826 648 1917 ἀριθμὸς
703 1834 830 1897 τᾶν
876 1833 1288 1919 περιφορᾶν,
1343 1830 1457 1897 καὶ
1495 1837 1562 1897 εἴ
1598 1855 1684 1896 κα
1728 1825 1771 1895 ἆ
1818 1834 2301 1897 ποτιπίπτουσα
2346 1824 2397 1894 ἅ

356 1936 632 2024 ἑκατέρα
678 1935 830 2003 ποτὶ
875 1934 952 2003 τὸ
997 1936 1202 2025 πέρας
1244 1941 1364 2015 τᾶς
1411 1937 1626 2014 ἕλικος
1671 1941 1892 2023 πίπτῃ.

1314 2154 1379 2202 ις
1412 2182 1426 2197 .
1486 2166 1491 2171 ·

486 2261 582 2321 Εἴ
628 2280 714 2322 κα
767 2258 886 2333 τᾶς
941 2255 1156 2333 ἕλικος
1208 2258 1326 2333 τᾶς
1374 2256 1446 2323 ἐν
1490 2258 1574 2343 τᾷ
1622 2251 1852 2343 πρώτᾳ
1904 2258 2238 2342 περιφορᾷ
2283 2280 2394 2340 γε-

351 2361 735 2449 γραμμένας
779 2358 1014 2429 εὐθεῖα
1053 2359 1324 2449 γραμμὰ
1366 2360 1689 2449 ἐπιψαύῃ,
1734 2360 1847 2427 καὶ
1884 2358 2016 2429 ἀπὸ
2053 2364 2173 2441 τοῖς
2208 2356 2395 2447 ἆφᾷς

243 2482 314 2533 20
351 2462 589 2535 εὐθεῖα
651 2465 922 2556 γραμμὰ
985 2469 1339 2557 ἐπιζευχθῇ
1406 2467 1513 2536 ἐπὶ
1580 2466 1652 2535 τὸ
1719 2480 2030 2554 σαμεῖον,
2096 2464 2138 2534 ὅ
2203 2469 2387 2536 ἐστιν

350 2570 524 2660 ἀρχὰ
569 2576 686 2654 τᾶς
730 2576 970 2662 ἕλικος,
1025 2570 1105 2654 ἃς
1149 2586 1331 2642 ποιεῖ’
1371 2578 1621 2660 γωνίας
1664 2571 1707 2641 ἆ
1758 2574 2185 2661 ἐφαπτομένα
2229 2572 2386 2641 ποτὶ

349 2676 474 2747 τάν
511 2681 1032 2767 ἐπιζευχθεῖσαν,
1074 2681 1300 2747 ἀνίσοι
1328 2678 1707 2765 ἐσσούνται,
1746 2680 1857 2746 καὶ
1894 2676 1937 2747 ἆ
1977 2678 2099 2765 μὲν
2137 2681 2211 2747 ἐν
2246 2692 2393 2759 τοῖς

349 2787 879 2873 προαγουμένοις
923 2782 1236 2872 ἀμβλεῖα,
1275 2782 1326 2877 ,ἆ
1376 2784 1453 2853 δὲ
1489 2787 1562 2853 ἐν
1607 2798 1747 2865 τοῖς
1792 2785 2143 2871 ἑπομένοις
2182 2782 2384 2865 ὀξεῖα.

483 2897 649 2960 ἔστω
687 2894 852 2979 ἕλιξ,
897 2889 1003 2979 ἐφ’
1037 2883 1118 2971 ἇς
1152 2889 1231 2959 τὰ
1272 2900 1366 2979 Α,
1404 2898 1494 2977 Β,
1531 2897 1607 2978 Γ,
1648 2899 1745 2977 Δ,
1782 2896 1869 2977 Θ,
1918 2892 1991 2958 ἐν
2036 2894 2117 2980 τᾷ
2155 2888 2389 2981 πρώτᾳ

241 3013 311 3065 25
347 3002 681 3087 περιφορᾷ
735 3000 1175 3088 γεγραμμένα.
1267 2999 1380 3066 καὶ
1441 3003 1606 3066 ἔστω
1664 2995 1741 3065 τὸ
1803 2996 1925 3084 μὲν
1980 3006 2045 3066 Α
2105 3011 2387 3085 σαμετον

351 3127 450 3135 p*—

491 3198 541 3247 2.
581 3211 781 3262 εχωντι
816 3193 886 3261 F3
925 3208 1063 3249 corr.
1103 3193 1398 3250 TorelliuS.
1534 3212 1800 3263 γραμμαν
1836 3192 1896 3246 F.
2023 3198 2074 3247 8.
2113 3185 2229 3264 ὅτι]
2270 3208 2384 3247 om.

345 3264 417 3332 Ἐς
465 3280 603 3319 corr.
642 3262 880 3317 Nizzius.
1030 3270 1111 3320 12.
1152 3284 1355 3334 εχωντι
1398 3264 1467 3331 1⁴¹3
1521 3280 1658 3319 corr.
1699 3262 1995 3318 Torellius.
2143 3256 2182 3317 ἆ
2228 3282 2381 3332 ειρη-

389 3354 492 3389 ενα
527 3353 868 3405 περιφερεια
903 3334 972 3403 F;
1022 3350 1158 3390 corr.
1198 3335 1492 3390 Torellius.
1676 3340 1759 3389 14.
1798 3351 2078 3397 τοσαυτας
2113 3334 2187 3401 F3
2234 3349 2379 3390 corr.

396 3407 636 3467 oremus,
821 3400 942 3477 ἑνί]
983 3400 1046 3460 ἕν
1080 3407 1150 3473 F;
1199 3423 1340 3461 corr.
1379 3406 1451 3473 B3
1499 3421 1609 3460 om.
1648 3406 1733 3460 ed.
1772 3404 1972 3473 Basil.;
2011 3421 2159 3472 „uno
2195 3403 2382 3459 mino-

345 3480 500 3531 rem“
538 3476 623 3532 Cr.
791 3480 874 3533 18.
911 3496 980 3545 τη
1015 3496 1207 3546 πρωτη
1244 3478 1314 3545 F3
1356 3493 1494 3532 corr.
1538 3474 1831 3532 Torellius.
1992 3482 2078 3533 22.
2120 3494 2383 3531 εσοννται

344 3546 408 3615 F,
443 3547 636 3617 uulgo,
783 3554 865 3603 23.
906 3566 1323 3619 προαγομενοις
1359 3548 1421 3617 F,
1456 3546 1646 3616 uulgo,
