2659 3967
266 917 363 985 De
402 915 761 1005 planorum
799 915 1229 1004 aequilibriis
1269 915 1417 986 siue
1459 915 1538 985 «le
1579 916 1834 986 centris
1873 915 2243 1002 grauitatis

1033 1041 1396 1129 planorum
1431 1041 1481 1109 Ι.

378 1211 429 1276 Ι.
506 1209 1045 1298 Supponimus¹)‚
1103 1212 1398 1295 aequalia
1444 1211 1728 1295 pondera
1775 1232 1852 1274 ex
1899 1210 2280 1294 aequalibus

241 1318 767 1403 longitudinibus
807 1340 1123 1403 suspensa
1152 1317 1696 1402 aequilibritatem
1727 1337 2003 1399 serua-re,
2043 1337 2278 1401 aequa-

243 1425 338 1489 lia
392 1446 548 1489 uero
604 1425 892 1508 pondera
940 1447 1018 1490 ex
1074 1424 1524 1508 inaequalibus
1579 1421 2096 1508 longitudinibus
2145 1445 2282 1487 sus-

242 1552 450 1615 pensa
507 1531 1062 1615 aequilibritatem
1118 1552 1252 1595 non
1306 1553 1592 1609 seruare,
1649 1529 1764 1594 sed
1816 1529 1896 1593 ad
1941 1529 2197 1611 pondus
2247 1552 2280 1594 e

244 1637 495 1703 maiore
540 1637 949 1723 longitudine
1000 1659 1384 1721 suspensum
1429 1657 1716 1723 uergere.

379 1742 462 1807 H.
510 1741 597 1822 Si,
642 1744 1039 1827 ponderibus
1088 1767 1121 1808 e
1162 1743 1548 1828 quibusdam
1585 1741 2104 1828 longitudinibus
2143 1763 2279 1805 sus-

243 1849 465 1935 pensis
542 1850 1095 1934 aequilibritatem
1172 1849 1608 1932 seruantibuS‚
1683 1848 1872 1912 alteri
1937 1847 2282 1912 adiiciatur

246 1956 511 2041 aliquid,
550 1957 1097 2041 aequilibritatem
1138 1978 1215 2020 ea
1251 1977 1381 2020 non
1421 1976 1696 2040 seruare,
1735 1955 1848 2019 sed
1888 1953 1969 2018 ad
2007 1954 2279 2038 ponduS‚

245 2064 347 2128 eui
396 2063 718 2128 adiectum
766 2064 852 2128 sit
900 2063 1165 2147 aliquid,
1210 2082 1497 2147 uergere.

381 2168 499 2234 III.
572 2169 823 2235 Eodem
883 2168 1074 2234 modo
1134 2169 1189 2233 si
1237 2168 1318 2233 ab
1367 2169 1573 2233 altero
1620 2168 1900 2252 pondere
1949 2167 2285 2232 auferatur

246 2275 507 2360 aliquid,
556 2297 632 2341 ea
668 2276 1219 2360 aequilibritatem
1253 2295 1388 2338 non
1425 2296 1700 2358 seruare,
1739 2274 1852 2340 sed
1891 2275 1971 2340 ad
2012 2275 2286 2360 pondus,

249 2405 291 2446 a
337 2403 463 2467 quo
511 2381 677 2445 nihil
726 2381 1021 2446 ablatum
1070 2381 1181 2464 sit,
1228 2401 1512 2466 uergere.

384 2487 499 2552 IV.
571 2486 833 2571 Figuris
880 2488 1093 2571 planis
1144 2491 1211 2551 et
1249 2487 1632 2572 aequalibus
1673 2491 1739 2551 et
1775 2487 2098 2551 similibus
2140 2508 2288 2551 oon-

248 2595 651 2680 gruentibus‚
700 2595 901 2658 etiam
940 2594 1287 2678 grauitatis
1327 2597 1553 2660 centra
1589 2594 1760 2660 inter
1799 2615 1865 2658 se
1905 2598 2288 2678 congruunt.

383 2699 461 2764 V.
535 2699 923 2784 Figurarum
1006 2720 1160 2764 uero
1236 2700 1705 2784 inaequalium,
1791 2699 1903 2764 sed
1979 2699 2289 2762 similium

248 2809 474 2870 centra
512 2806 861 2890 grauitatis
912 2805 1214 2870 similiter
1249 2806 1468 2889 posita
1506 2810 1712 2870 erunt.
1785 2808 2027 2891 puncta
2071 2807 2289 2868 autem

247 2913 321 2977 in
384 2912 612 2996 figuris
677 2912 995 2976 similibus
1053 2911 1358 2976 similiter
1414 2911 1633 2995 posita
1688 2932 1828 2975 esse
1883 2911 2186 2994 dicimus,
2255 2934 2292 2974 a

252 3019 487 3104 quibus
527 3040 689 3102 quae
739 3018 821 3083 ad
862 3019 1166 3104 aequales
1207 3019 1482 3102 angulos
1525 3018 1840 3083 ducantur
1875 3017 2106 3102 lineae,
2145 3013 2290 3083 eum

250 3125 569 3190 lateribus
641 3125 813 3188 inter
890 3147 957 3189 se
1031 3124 1569 3210 respondentibus
1646 3126 1944 3209 aequales
2011 3126 2287 3210 angulos

260 3231 566 3296 efficiant.

398 3409 447 3474 1)
479 3401 542 3459 Ο
575 3400 897 3489 Ἀρχιμήδης
948 3405 1059 3458 τῶν
1106 3399 1520 3473 ἀνισορροπιῶν
1559 3401 1894 3474 ἀρχόμενος·
1947 3398 2294 3473 αἰτούμεθα,

254 3478 417 3546 φησί,
473 3472 544 3530 τὰ
592 3479 685 3530 ἴσα
735 3471 880 3548 βάρη
928 3470 1041 3530 απὸ
1092 3476 1203 3528 τῶν
1252 3478 1387 3529 ἴσων
1435 3476 1630 3545 μηκῶν
1683 3473 2030 3544 ἰσορροπεῖν·
2109 3475 2294 3528 καίτοι

251 3548 420 3602 τοῦτο
440 3548 649 3620 μᾶλλον
678 3542 943 3617 ἄξίωμα’
919 3543 993 3601 ἄν
1014 3566 1096 3608 τις
1114 3548 1427 3615 προσείποι.
1472 3545 1739 3606 Proelus
1721 3565 1782 3600 in
1801 3544 1958 3601 Euel.
1978 3564 2034 3615 p.
2064 3552 2182 3615 181,
2206 3543 2289 3600 18.
