2659 3967
811 886 1242 969 Quadratum·
1279 887 1663 977 parabolae.
1678 882 1729 981 1)

756 1039 1260 1106 Archimedes
1307 1040 1685 1107 Dositheo
1734 1064 1785 1107 s.

392 1181 555 1249 Cum
593 1183 1006 1267 audiuissem,
1042 1182 1374 1249 Cononem
1403 1160 1737 1248 mortuum
1768 1204 1927 1265 esse,
1963 1184 2092 1268 qui,
2129 1184 2285 1251 dum

247 1290 440 1373 uixit,
485 1290 679 1355 nobis
726 1290 1014 1355 amicitia
1050 1290 1429 1356 coniunctus
1468 1294 1626 1373 erat,
1672 1293 1740 1354 te
1778 1293 1993 1355 autem
2031 1288 2285 1356 Cononi

249 1396 648 1461 familiarem
683 1394 890 1461 fuisse
929 1399 995 1461 et
1031 1396 1429 1481 geometriae
1458 1417 1597 1461 esse
1624 1397 1924 1481 peritum,
1961 1395 2284 1463 demortui

249 1524 454 1567 causa
491 1502 712 1567 dolore
749 1502 988 1567 adfecti
1023 1524 1264 1585 sumus,
1301 1502 1539 1587 quippe
1576 1502 1686 1585 qui
1724 1505 1789 1566 et
1826 1501 2071 1567 amicus
2110 1507 2179 1577 et
2212 1503 2285 1569 in

251 1608 738 1673 mathematicis
767 1608 1138 1674 admirabili
1165 1608 1463 1674 acumine
1489 1608 1818 1692 praeditus
1847 1612 2034 1688 esset,
2073 1630 2285 1675 susce·

249 1714 473 1801 pimus
513 1718 732 1780 autem
771 1714 854 1781 ad
889 1720 955 1779 te
989 1736 1106 1798 per
1133 1715 1406 1798 litteras,
1444 1714 1637 1779 sicuti
1665 1714 1745 1778 ad
1774 1711 2107 1779 Cononem
2134 1715 2279 1780 mit·

247 1824 392 1885 tere
439 1822 1010 1904 constitueramus,
1067 1820 1535 1905 geometricum
1582 1820 1915 1885 theorema
1960 1820 2278 1905 quoddam

249 1928 536 2011 mittere,
583 1926 756 2012 quod
791 1930 986 1991 antea
1021 1930 1435 2011 perspectum
1471 1948 1603 1991 non
1641 1929 1798 2009 erat,
1842 1947 2013 1991 nunc
2050 1948 2202 1992 uero
2242 1949 2283 1991 a

245 2034 458 2106 nobis,
489 2036 900 2120 perspectum
945 2036 1074 2117 est,
1119 2033 1300 2116 prius
1347 2054 1463 2117 per
1508 2032 1883 2100 mechanica
1926 2033 2283 2116 inuentum,

249 2126 486 2224 postea
557 2143 777 2205 autem
845 2139 1044 2205 etiam
1113 2161 1228 2223 per
1292 2139 1687 2225 geometrica
1750 2139 2283 2205 demonstratum.

246 2270 480 2315 eorum
527 2247 721 2330 enim,
765 2246 876 2331 qui
921 2250 1114 2311 antea
1148 2246 1218 2311 in
1254 2246 1613 2331 geometria
1648 2247 1891 2311 uersati
1928 2249 2095 2329 sunt,
2142 2246 2285 2331 qui-

246 2354 407 2419 dam
418 2350 472 2439 ²)
503 2353 722 2419 conati
754 2355 909 2417 sunt
936 2352 1230 2441 scribere,
1267 2352 1409 2417 fieri
1436 2374 1644 2437 posse,
1680 2358 1755 2419 ut
1782 2354 2068 2437 spatium
2096 2353 2284 2417 recti·

247 2459 498 2525 lineum
530 2458 934 2525 inueniretur
963 2458 1114 2523 dato
1145 2458 1385 2524 circulo
1416 2462 1483 2525 et
1510 2459 1662 2525 dato
1691 2460 1914 2525 circuli
1942 2464 2282 2544 segmento

246 2566 549 2651 aequale3
579 2569 647 2629 et
673 2564 902 2629 deinde
931 2565 1216 2649 spatium
1243 2564 1507 2648 totius†
1534 2566 1681 2631 coni
1708 2566 1991 2630 sectione
2020 2568 2086 2629 et
2108 2565 2285 2629 linea

245 2677 432 2740 reeta
503 2671 1040 2755 comprehensum
1113 2671 1431 2756 quadrare
1505 2670 1907 2735 conabantur
1973 2670 2285 2735 lemmata

246 2778 522 2843 minime
583 2776 932 2843 manifesta
985 2776 1425 2861 adsumentes3
1481 2796 1679 2860 quare
1733 2776 2025 2859 plerique
2082 2797 2283 2861 agno-

401 2972 452 3039 1)
500 2970 862 3025 Archimedes
913 2969 1032 3025 sine
1083 2968 1253 3023 dubio
1300 2968 1452 3023 hunc
1496 2966 1703 3021 librum
1747 2965 2109 3037 inscripserat
2152 2966 2283 3033 περὶ

245 3041 351 3111 τῆς
398 3041 499 3095 τοῦ
552 3035 909 3110 ὀρθογωνίου
955 3058 1142 3095 κωνου
1189 3038 1390 3109 τομῆς,
1441 3041 1505 3093 ut
1551 3038 1721 3093 habet
1768 3037 2034 3093 Eutocius
2079 3038 2153 3093 ad
2198 3038 2280 3108 pl.

244 3129 374 3180 aeq
401 3110 482 3253 21}
497 3116 578 3237 Dge
625 3181 821 3237 circuli
867 3180 1210 3251 quadratura
1255 3182 1489 3251 egerant
1534 3181 1757 3250 praeter
1794 3181 1934 3237 alios
1970 3180 2283 3251 Antiphon,

251 3254 484 3324 Brywn,
521 3251 777 3324 Hippias,
813 3251 1205 3323 Hippocrates.

245 3450 480 3589 ξιιιὶιῗῧω
493 3446 1027 3588 ὃιὲπῖἷθεῶοτέἷὲξε.
1047 3465 1102 3517 p
1148 3452 1347 3573 1’ἓιῗντιοί
1350 3550 1417 3559 -
1431 3442 1879 3588 ἒὲριῒιῗέρῖὲνὲῗτί
1908 3444 2183 3617 galliatae?
2219 3443 2287 3511 F
