<?xml version="1.0" encoding="UTF-8"?>
<!DOCTYPE html PUBLIC "-//W3C//DTD XHTML 1.0 Transitional//EN"
    "http://www.w3.org/TR/xhtml1/DTD/xhtml1-transitional.dtd">
<html xmlns="http://www.w3.org/1999/xhtml" xml:lang="en" lang="en">
 <head>
  <title>
</title>
<meta http-equiv="Content-Type" content="text/html;charset=utf-8" />
  <meta name='ocr-system' content='tesseract 3.04.00' />
  <meta name='ocr-capabilities' content='ocr_page ocr_carea ocr_par ocr_line ocrx_word'/>
</head>
<body>
  <div class='ocr_page' id='page_1' title='image "archimedisopera00heibgoog_0191.png"; bbox 0 0 2659 3967; ppageno 0'>
   <div class='ocr_carea' id='block_1_1' title="bbox 633 159 2263 228">
    <p class='ocr_par' dir='ltr' id='par_1_1' title="bbox 633 159 2263 228">
     <span class='ocr_line' id='line_1_1' title="bbox 633 159 2263 228; baseline 0.007 -14"><span class='ocrx_word' id='word_1_1' title='bbox 633 160 732 214; x_wconf 86' lang='lat' dir='ltr'><strong>DE</strong></span> <span class='ocrx_word' id='word_1_2' title='bbox 770 159 1182 216; x_wconf 81' lang='lat' dir='ltr'><strong>PLANORUM</strong></span> <span class='ocrx_word' id='word_1_3' title='bbox 1218 160 1711 227; x_wconf 82' lang='lat' dir='ltr'><strong>AEQUILIBRIIS</strong></span> <span class='ocrx_word' id='word_1_4' title='bbox 1748 165 1854 218; x_wconf 69' lang='lat' dir='ltr'><strong>eto.</strong></span> <span class='ocrx_word' id='word_1_5' title='bbox 2136 162 2263 228; x_wconf 84' lang='lat'><strong>179</strong></span> 
     </span>
    </p>
   </div>
   <div class='ocr_carea' id='block_1_2' title="bbox 217 304 2264 2412">
    <p class='ocr_par' dir='ltr' id='par_1_2' title="bbox 223 304 2264 922">
     <span class='ocr_line' id='line_1_2' title="bbox 228 304 2263 394; baseline 0.002 -24"><span class='ocrx_word' id='word_1_6' title='bbox 228 327 392 390; x_wconf 87' lang='lat' dir='ltr'><strong>quos</strong></span> <span class='ocrx_word' id='word_1_7' title='bbox 422 306 1097 391; x_wconf 76' lang='lat' dir='ltr'><strong>commemorauimuS,</strong></span> <span class='ocrx_word' id='word_1_8' title='bbox 1127 304 1440 370; x_wconf 87' lang='lat' dir='ltr'><strong>maiorem</strong></span> <span class='ocrx_word' id='word_1_9' title='bbox 1468 307 1792 372; x_wconf 78' lang='lat' dir='ltr'><strong>rationem</strong></span> <span class='ocrx_word' id='word_1_10' title='bbox 1818 307 2038 392; x_wconf 76' lang='lat' dir='ltr'><strong>habet,</strong></span> <span class='ocrx_word' id='word_1_11' title='bbox 2066 330 2263 394; x_wconf 87' lang='lat' dir='ltr'><strong>quam</strong></span> 
     </span>
     <span class='ocr_line' id='line_1_3' title="bbox 233 412 2264 500; baseline 0.002 -24"><span class='ocrx_word' id='word_1_12' title='bbox 233 415 402 477; x_wconf 73' lang='grc' dir='ltr'><strong>ΦΡε</strong></span> <span class='ocrx_word' id='word_1_13' title='bbox 431 416 568 478; x_wconf 87' lang='grc' dir='ltr'><strong>ΡΘ.</strong></span> <span class='ocrx_word' id='word_1_14' title='bbox 666 434 867 497; x_wconf 86' lang='lat' dir='ltr'><strong>quare</strong></span> <span class='ocrx_word' id='word_1_15' title='bbox 942 412 1142 477; x_wconf 75' lang='lat' dir='ltr'><strong>etiam</strong></span> <span class='ocrx_word' id='word_1_16' title='bbox 1215 412 1571 478; x_wconf 85' lang='lat' dir='ltr'><strong>dirimendo</strong></span> <span class='ocrx_word' id='word_1_17' title='bbox 1644 414 2264 500; x_wconf 83' lang='lat' dir='ltr'><strong>parallelogramma</strong></span> 
     </span>
     <span class='ocr_line' id='line_1_4' title="bbox 228 517 2261 604; baseline 0.001 -22"><span class='ocrx_word' id='word_1_18' title='bbox 228 520 406 601; x_wconf 89' lang='grc' dir='ltr'><strong>ΜΝ,</strong></span> <span class='ocrx_word' id='word_1_19' title='bbox 450 517 602 602; x_wconf 76' lang='grc' dir='ltr'><strong>ΚΞ,</strong></span> <span class='ocrx_word' id='word_1_20' title='bbox 648 521 774 583; x_wconf 90' lang='grc' dir='ltr'><strong>ΖΟ</strong></span> <span class='ocrx_word' id='word_1_21' title='bbox 821 517 905 583; x_wconf 89' lang='lat' dir='ltr'><strong>ad</strong></span> <span class='ocrx_word' id='word_1_22' title='bbox 951 519 1320 604; x_wconf 78' lang='lat' dir='ltr'><strong>triangulos</strong></span> <span class='ocrx_word' id='word_1_23' title='bbox 1369 519 1656 603; x_wconf 88' lang='lat' dir='ltr'><strong>reliquos</strong></span> <span class='ocrx_word' id='word_1_24' title='bbox 1703 521 2017 586; x_wconf 89' lang='lat' dir='ltr'><strong>maiorem</strong></span> <span class='ocrx_word' id='word_1_25' title='bbox 2062 521 2261 586; x_wconf 71' lang='lat' dir='ltr'><strong>ratio-</strong></span> 
     </span>
     <span class='ocr_line' id='line_1_5' title="bbox 223 619 2260 711; baseline 0.001 -24"><span class='ocrx_word' id='word_1_26' title='bbox 223 645 376 688; x_wconf 86' lang='lat' dir='ltr'><strong>nem</strong></span> <span class='ocrx_word' id='word_1_27' title='bbox 420 623 682 708; x_wconf 76' lang='lat' dir='ltr'><strong>habent,</strong></span> <span class='ocrx_word' id='word_1_28' title='bbox 727 646 924 709; x_wconf 85' lang='lat' dir='ltr'><strong>quam</strong></span> <span class='ocrx_word' id='word_1_29' title='bbox 968 627 1097 688; x_wconf 90' lang='grc' dir='ltr'><strong>ΦΘ</strong></span> <span class='ocrx_word' id='word_1_30' title='bbox 1127 649 1142 689; x_wconf 91' lang='lat'>:</span> <span class='ocrx_word' id='word_1_31' title='bbox 1172 623 1363 710; x_wconf 51' lang='grc' dir='ltr'><strong>ΘΡᾸ)</strong></span> <span class='ocrx_word' id='word_1_32' title='bbox 1429 625 1547 690; x_wconf 77' lang='lat' dir='ltr'><strong>fiat</strong></span> <span class='ocrx_word' id='word_1_33' title='bbox 1590 627 1797 710; x_wconf 75' lang='lat' dir='ltr'><strong>igitur</strong></span> <span class='ocrx_word' id='word_1_34' title='bbox 1839 627 2079 692; x_wconf 78' lang='lat' dir='ltr'><strong>rationi</strong></span> <span class='ocrx_word' id='word_1_35' title='bbox 2116 619 2260 711; x_wconf 86' lang='lat' dir='ltr'><strong>par-</strong></span> 
     </span>
     <span class='ocr_line' id='line_1_6' title="bbox 227 729 2064 817; baseline 0.003 -24"><span class='ocrx_word' id='word_1_36' title='bbox 227 729 868 815; x_wconf 87' lang='lat' dir='ltr'><strong>allelogrammorum</strong></span> <span class='ocrx_word' id='word_1_37' title='bbox 915 735 982 796; x_wconf 77' lang='lat' dir='ltr'><strong>et</strong></span> <span class='ocrx_word' id='word_1_38' title='bbox 1025 731 1508 816; x_wconf 63' lang='lat' dir='ltr'><strong>kriangulorum</strong></span> <span class='ocrx_word' id='word_1_39' title='bbox 1556 734 1846 817; x_wconf 88' lang='lat' dir='ltr'><strong>aequalis</strong></span> <span class='ocrx_word' id='word_1_40' title='bbox 1892 733 2064 799; x_wconf 73' lang='lat' dir='ltr'><strong>ratio</strong></span> 
     </span>
     <span class='ocr_line' id='line_1_7' title="bbox 1045 836 1439 922; baseline 0 -18"><span class='ocrx_word' id='word_1_41' title='bbox 1045 843 1114 904; x_wconf 85' lang='grc' dir='ltr'><strong><em>Χ</em></strong></span> <span class='ocrx_word' id='word_1_42' title='bbox 1116 842 1174 902; x_wconf 90' lang='grc' dir='ltr'><strong><em>Θ</em></strong></span> <span class='ocrx_word' id='word_1_43' title='bbox 1202 861 1217 901; x_wconf 90' lang='lat'>:</span> <span class='ocrx_word' id='word_1_44' title='bbox 1245 836 1439 922; x_wconf 69' lang='grc' dir='ltr'><strong><em>ΘΡ.2)</em></strong></span> 
     </span>
    </p>

    <p class='ocr_par' dir='ltr' id='par_1_3' title="bbox 217 937 2259 2412">
     <span class='ocr_line' id='line_1_8' title="bbox 222 937 2257 1031; baseline 0.003 -26"><span class='ocrx_word' id='word_1_45' title='bbox 222 943 357 1006; x_wconf 91' lang='lat' dir='ltr'><strong>iam</strong></span> <span class='ocrx_word' id='word_1_46' title='bbox 423 944 732 1026; x_wconf 88' lang='lat' dir='ltr'><strong>quoniam</strong></span> <span class='ocrx_word' id='word_1_47' title='bbox 797 948 899 1009; x_wconf 61' lang='lat' dir='ltr'><strong>esi,</strong></span> <span class='ocrx_word' id='word_1_48' title='bbox 961 937 1345 1030; x_wconf 78' lang='lat' dir='ltr'><strong>magnitudo</strong></span> <span class='ocrx_word' id='word_1_49' title='bbox 1405 945 1723 1029; x_wconf 84' lang='lat' dir='ltr'><strong>quaedam</strong></span> <span class='ocrx_word' id='word_1_50' title='bbox 1784 949 2002 1031; x_wconf 89' lang='grc' dir='ltr'><strong><em>ΑΒΓ,</em></strong></span> <span class='ocrx_word' id='word_1_51' title='bbox 2074 947 2257 1012; x_wconf 85' lang='lat' dir='ltr'><strong>ouius</strong></span> 
     </span>
     <span class='ocr_line' id='line_1_9' title="bbox 223 1049 2259 1138; baseline 0.002 -26"><span class='ocrx_word' id='word_1_52' title='bbox 223 1051 520 1114; x_wconf 73' lang='lat' dir='ltr'><strong>centrum</strong></span> <span class='ocrx_word' id='word_1_53' title='bbox 567 1049 921 1134; x_wconf 72' lang='lat' dir='ltr'><strong>grauitatis</strong></span> <span class='ocrx_word' id='word_1_54' title='bbox 969 1053 1070 1114; x_wconf 75' lang='lat' dir='ltr'><strong>esi:</strong></span> <span class='ocrx_word' id='word_1_55' title='bbox 1115 1053 1192 1134; x_wconf 88' lang='grc' dir='ltr'><strong>Θ,</strong></span> <span class='ocrx_word' id='word_1_56' title='bbox 1237 1052 1304 1114; x_wconf 78' lang='lat' dir='ltr'><strong>et</strong></span> <span class='ocrx_word' id='word_1_57' title='bbox 1350 1049 1430 1130; x_wconf 82' lang='lat' dir='ltr'><strong>ab</strong></span> <span class='ocrx_word' id='word_1_58' title='bbox 1481 1073 1557 1116; x_wconf 88' lang='lat' dir='ltr'><strong>ea</strong></span> <span class='ocrx_word' id='word_1_59' title='bbox 1601 1051 1985 1138; x_wconf 65' lang='lat' dir='ltr'><strong>magnifiudo</strong></span> <span class='ocrx_word' id='word_1_60' title='bbox 2033 1053 2259 1118; x_wconf 66' lang='lat' dir='ltr'><strong>ablalza</strong></span> 
     </span>
     <span class='ocr_line' id='line_1_10' title="bbox 229 1156 2259 1244; baseline 0.002 -26"><span class='ocrx_word' id='word_1_61' title='bbox 229 1158 348 1238; x_wconf 77' lang='lat' dir='ltr'><strong>est,</strong></span> <span class='ocrx_word' id='word_1_62' title='bbox 385 1156 953 1240; x_wconf 77' lang='lat' dir='ltr'><strong>quae.composita</strong></span> <span class='ocrx_word' id='word_1_63' title='bbox 991 1160 1092 1222; x_wconf 61' lang='lat' dir='ltr'><strong>esi,</strong></span> <span class='ocrx_word' id='word_1_64' title='bbox 1129 1177 1207 1220; x_wconf 83' lang='lat' dir='ltr'><strong>ex</strong></span> <span class='ocrx_word' id='word_1_65' title='bbox 1234 1157 1866 1242; x_wconf 79' lang='lat' dir='ltr'><strong>parallelogrammis</strong></span> <span class='ocrx_word' id='word_1_66' title='bbox 1896 1161 2072 1243; x_wconf 88' lang='lat' dir='ltr'><strong>MN,</strong></span> <span class='ocrx_word' id='word_1_67' title='bbox 2106 1162 2177 1222; x_wconf 89' lang='grc' dir='ltr'><strong><em>Κ</em></strong></span> <span class='ocrx_word' id='word_1_68' title='bbox 2184 1158 2259 1244; x_wconf 73' lang='grc' dir='ltr'><strong>Ξ,</strong></span> 
     </span>
     <span class='ocr_line' id='line_1_11' title="bbox 222 1263 2258 1349; baseline 0.002 -25"><span class='ocrx_word' id='word_1_69' title='bbox 222 1264 377 1346; x_wconf 90' lang='grc' dir='ltr'><strong>ΖΟ,</strong></span> <span class='ocrx_word' id='word_1_70' title='bbox 435 1266 500 1326; x_wconf 78' lang='lat' dir='ltr'><strong>et</strong></span> <span class='ocrx_word' id='word_1_71' title='bbox 554 1263 1024 1348; x_wconf 78' lang='lat' dir='ltr'><strong>magnitudinis</strong></span> <span class='ocrx_word' id='word_1_72' title='bbox 1084 1263 1350 1328; x_wconf 73' lang='lat' dir='ltr'><strong>ablatae</strong></span> <span class='ocrx_word' id='word_1_73' title='bbox 1406 1268 1696 1328; x_wconf 77' lang='lat' dir='ltr'><strong>centrum</strong></span> <span class='ocrx_word' id='word_1_74' title='bbox 1754 1264 2101 1349; x_wconf 73' lang='lat' dir='ltr'><strong>grauitatis</strong></span> <span class='ocrx_word' id='word_1_75' title='bbox 2156 1268 2258 1329; x_wconf 68' lang='lat' dir='ltr'><strong>est</strong></span> 
     </span>
     <span class='ocr_line' id='line_1_12' title="bbox 220 1361 2257 1455; baseline 0 -21"><span class='ocrx_word' id='word_1_76' title='bbox 220 1372 539 1451; x_wconf 79' lang='lat' dir='ltr'><strong>punctum</strong></span> <span class='ocrx_word' id='word_1_77' title='bbox 601 1373 679 1454; x_wconf 88' lang='lat' dir='ltr'><strong>P,</strong></span> <span class='ocrx_word' id='word_1_78' title='bbox 751 1371 1044 1455; x_wconf 87' lang='lat' dir='ltr'><strong>reliquae</strong></span> <span class='ocrx_word' id='word_1_79' title='bbox 1109 1369 1318 1453; x_wconf 74' lang='lat' dir='ltr'><strong>igitur</strong></span> <span class='ocrx_word' id='word_1_80' title='bbox 1380 1361 1873 1455; x_wconf 70' lang='lat' dir='ltr'><strong>magnitudinis,</strong></span> <span class='ocrx_word' id='word_1_81' title='bbox 1946 1392 2113 1455; x_wconf 86' lang='lat' dir='ltr'><strong>quae</strong></span> <span class='ocrx_word' id='word_1_82' title='bbox 2178 1393 2257 1436; x_wconf 86' lang='lat' dir='ltr'><strong>ex</strong></span> 
     </span>
     <span class='ocr_line' id='line_1_13' title="bbox 219 1475 2257 1562; baseline 0.002 -24"><span class='ocrx_word' id='word_1_83' title='bbox 219 1475 573 1560; x_wconf 64' lang='lat' dir='ltr'><strong>kriangulis</strong></span> <span class='ocrx_word' id='word_1_84' title='bbox 618 1477 863 1541; x_wconf 68' lang='lat' dir='ltr'><strong>reliolzis</strong></span> <span class='ocrx_word' id='word_1_85' title='bbox 903 1475 1264 1560; x_wconf 75' lang='lat' dir='ltr'><strong>composita</strong></span> <span class='ocrx_word' id='word_1_86' title='bbox 1303 1479 1423 1559; x_wconf 64' lang='grc' dir='ltr'><strong>θείς,</strong></span> <span class='ocrx_word' id='word_1_87' title='bbox 1468 1479 1762 1541; x_wconf 75' lang='lat' dir='ltr'><strong>centrum</strong></span> <span class='ocrx_word' id='word_1_88' title='bbox 1798 1476 2145 1562; x_wconf 72' lang='lat' dir='ltr'><strong>grauitatis</strong></span> <span class='ocrx_word' id='word_1_89' title='bbox 2183 1477 2257 1542; x_wconf 85' lang='lat' dir='ltr'><strong>in</strong></span> 
     </span>
     <span class='ocr_line' id='line_1_14' title="bbox 222 1581 2255 1668; baseline 0.002 -24"><span class='ocrx_word' id='word_1_90' title='bbox 222 1581 543 1666; x_wconf 73' lang='lat' dir='ltr'><strong>producta</strong></span> <span class='ocrx_word' id='word_1_91' title='bbox 598 1582 770 1648; x_wconf 86' lang='lat' dir='ltr'><strong>linea</strong></span> <span class='ocrx_word' id='word_1_92' title='bbox 817 1587 936 1648; x_wconf 92' lang='grc' dir='ltr'><strong>ΡΘ</strong></span> <span class='ocrx_word' id='word_1_93' title='bbox 987 1582 1280 1667; x_wconf 72' lang='lat' dir='ltr'><strong>positum</strong></span> <span class='ocrx_word' id='word_1_94' title='bbox 1327 1585 1456 1666; x_wconf 58' lang='lat' dir='ltr'><strong>esi,</strong></span> <span class='ocrx_word' id='word_1_95' title='bbox 1509 1582 1681 1647; x_wconf 86' lang='lat' dir='ltr'><strong>linea</strong></span> <span class='ocrx_word' id='word_1_96' title='bbox 1726 1582 1808 1646; x_wconf 89' lang='lat' dir='ltr'><strong>ab</strong></span> <span class='ocrx_word' id='word_1_97' title='bbox 1856 1604 1934 1647; x_wconf 88' lang='lat' dir='ltr'><strong>ea</strong></span> <span class='ocrx_word' id='word_1_98' title='bbox 1981 1583 2255 1668; x_wconf 85' lang='lat' dir='ltr'><strong>abscisa,</strong></span> 
     </span>
     <span class='ocr_line' id='line_1_15' title="bbox 225 1688 2254 1773; baseline -0 -19"><span class='ocrx_word' id='word_1_99' title='bbox 225 1709 392 1773; x_wconf 86' lang='lat' dir='ltr'><strong>quae</strong></span> <span class='ocrx_word' id='word_1_100' title='bbox 452 1689 535 1754; x_wconf 86' lang='lat' dir='ltr'><strong>ad</strong></span> <span class='ocrx_word' id='word_1_101' title='bbox 580 1693 707 1754; x_wconf 91' lang='grc' dir='ltr'><strong>ΘΡ</strong></span> <span class='ocrx_word' id='word_1_102' title='bbox 753 1711 894 1754; x_wconf 89' lang='lat' dir='ltr'><strong>eam</strong></span> <span class='ocrx_word' id='word_1_103' title='bbox 951 1689 1274 1754; x_wconf 76' lang='lat' dir='ltr'><strong>rationem</strong></span> <span class='ocrx_word' id='word_1_104' title='bbox 1329 1688 1560 1773; x_wconf 72' lang='lat' dir='ltr'><strong>habet,</strong></span> <span class='ocrx_word' id='word_1_105' title='bbox 1623 1710 1817 1772; x_wconf 90' lang='lat' dir='ltr'><strong>quam</strong></span> <span class='ocrx_word' id='word_1_106' title='bbox 1871 1688 2254 1773; x_wconf 73' lang='lat' dir='ltr'><strong>magnitudo</strong></span> 
     </span>
     <span class='ocr_line' id='line_1_16' title="bbox 223 1794 2253 1882; baseline 0 -24"><span class='ocrx_word' id='word_1_107' title='bbox 223 1794 446 1860; x_wconf 66' lang='lat' dir='ltr'><strong>ablalza</strong></span> <span class='ocrx_word' id='word_1_108' title='bbox 491 1796 573 1861; x_wconf 86' lang='lat' dir='ltr'><strong>ad</strong></span> <span class='ocrx_word' id='word_1_109' title='bbox 618 1796 941 1882; x_wconf 86' lang='lat' dir='ltr'><strong>reliquam</strong></span> <span class='ocrx_word' id='word_1_110' title='bbox 992 1798 1200 1880; x_wconf 88' lang='lat' dir='ltr'><strong>[prop.</strong></span> <span class='ocrx_word' id='word_1_111' title='bbox 1231 1796 1318 1876; x_wconf 89' lang='lat'><strong>8].</strong></span> <span class='ocrx_word' id='word_1_112' title='bbox 1391 1795 1613 1879; x_wconf 73' lang='lat' dir='ltr'><strong>itaque</strong></span> <span class='ocrx_word' id='word_1_113' title='bbox 1658 1797 1973 1879; x_wconf 68' lang='lat' dir='ltr'><strong>punobum</strong></span> <span class='ocrx_word' id='word_1_114' title='bbox 2008 1799 2079 1858; x_wconf 90' lang='lat' dir='ltr'><em>X</em></span> <span class='ocrx_word' id='word_1_115' title='bbox 2107 1817 2253 1859; x_wconf 83' lang='lat' dir='ltr'><strong>oen-</strong></span> 
     </span>
     <span class='ocr_line' id='line_1_17' title="bbox 217 1898 2252 1986; baseline 0 -22"><span class='ocrx_word' id='word_1_116' title='bbox 217 1903 395 1965; x_wconf 72' lang='lat' dir='ltr'><strong>trum</strong></span> <span class='ocrx_word' id='word_1_117' title='bbox 460 1901 806 1985; x_wconf 73' lang='lat' dir='ltr'><strong>grauitatis</strong></span> <span class='ocrx_word' id='word_1_118' title='bbox 873 1905 975 1966; x_wconf 66' lang='lat' dir='ltr'><strong>eslz</strong></span> <span class='ocrx_word' id='word_1_119' title='bbox 1026 1898 1497 1986; x_wconf 69' lang='lat' dir='ltr'><strong>magniizudinis</strong></span> <span class='ocrx_word' id='word_1_120' title='bbox 1556 1921 1634 1964; x_wconf 83' lang='lat' dir='ltr'><strong>ex</strong></span> <span class='ocrx_word' id='word_1_121' title='bbox 1692 1899 2094 1986; x_wconf 67' lang='lat' dir='ltr'><strong>[triangulis]</strong></span> <span class='ocrx_word' id='word_1_122' title='bbox 2153 1922 2252 1965; x_wconf 88' lang='lat' dir='ltr'><strong>re-</strong></span> 
     </span>
     <span class='ocr_line' id='line_1_18' title="bbox 217 2007 2251 2092; baseline 0 -21"><span class='ocrx_word' id='word_1_123' title='bbox 217 2007 396 2072; x_wconf 73' lang='lat' dir='ltr'><strong>lictis</strong></span> <span class='ocrx_word' id='word_1_124' title='bbox 443 2009 870 2092; x_wconf 77' lang='lat' dir='ltr'><strong>compositae3</strong></span> <span class='ocrx_word' id='word_1_125' title='bbox 919 2007 1092 2091; x_wconf 88' lang='lat' dir='ltr'><strong>quod</strong></span> <span class='ocrx_word' id='word_1_126' title='bbox 1136 2007 1278 2072; x_wconf 89' lang='lat' dir='ltr'><strong>fieri</strong></span> <span class='ocrx_word' id='word_1_127' title='bbox 1323 2029 1458 2072; x_wconf 90' lang='lat' dir='ltr'><strong>non</strong></span> <span class='ocrx_word' id='word_1_128' title='bbox 1502 2010 1737 2092; x_wconf 73' lang='lat' dir='ltr'><strong>potest.</strong></span> <span class='ocrx_word' id='word_1_129' title='bbox 1824 2029 1978 2072; x_wconf 89' lang='lat' dir='ltr'><strong>nam</strong></span> <span class='ocrx_word' id='word_1_130' title='bbox 2025 2029 2251 2072; x_wconf 89' lang='lat' dir='ltr'><strong>omnes</strong></span> 
     </span>
     <span class='ocr_line' id='line_1_19' title="bbox 219 2113 2249 2199; baseline 0 -21"><span class='ocrx_word' id='word_1_131' title='bbox 219 2114 592 2199; x_wconf 66' lang='lat' dir='ltr'><strong>[larianguli]</strong></span> <span class='ocrx_word' id='word_1_132' title='bbox 641 2114 709 2178; x_wconf 88' lang='lat' dir='ltr'><strong>in</strong></span> <span class='ocrx_word' id='word_1_133' title='bbox 755 2113 981 2179; x_wconf 87' lang='lat' dir='ltr'><strong>eadem</strong></span> <span class='ocrx_word' id='word_1_134' title='bbox 1025 2117 1210 2197; x_wconf 71' lang='lat' dir='ltr'><strong>parte</strong></span> <span class='ocrx_word' id='word_1_135' title='bbox 1258 2116 1412 2178; x_wconf 79' lang='lat' dir='ltr'><strong>sunt</strong></span> <span class='ocrx_word' id='word_1_136' title='bbox 1458 2114 1669 2178; x_wconf 88' lang='lat' dir='ltr'><strong>lineae</strong></span> <span class='ocrx_word' id='word_1_137' title='bbox 1705 2135 1823 2199; x_wconf 87' lang='lat' dir='ltr'><strong>per</strong></span> <span class='ocrx_word' id='word_1_138' title='bbox 1855 2117 1925 2178; x_wconf 88' lang='lat' dir='ltr'><em>X</em></span> <span class='ocrx_word' id='word_1_139' title='bbox 1950 2113 2019 2176; x_wconf 90' lang='lat' dir='ltr'><strong>in</strong></span> <span class='ocrx_word' id='word_1_140' title='bbox 2053 2113 2249 2198; x_wconf 87' lang='lat' dir='ltr'><strong>plano</strong></span> 
     </span>
     <span class='ocr_line' id='line_1_20' title="bbox 220 2217 2250 2304; baseline 0 -20"><span class='ocrx_word' id='word_1_141' title='bbox 220 2219 451 2284; x_wconf 76' lang='lat' dir='ltr'><strong>ductae</strong></span> <span class='ocrx_word' id='word_1_142' title='bbox 513 2220 722 2284; x_wconf 86' lang='lat' dir='ltr'><strong>lineae</strong></span> <span class='ocrx_word' id='word_1_143' title='bbox 777 2223 920 2284; x_wconf 89' lang='grc' dir='ltr'><strong>ΑΔ</strong></span> <span class='ocrx_word' id='word_1_144' title='bbox 982 2217 1372 2304; x_wconf 86' lang='lat' dir='ltr'><strong>parallelae,</strong></span> <span class='ocrx_word' id='word_1_145' title='bbox 1434 2219 1497 2284; x_wconf 91' lang='lat' dir='ltr'><strong>h.</strong></span> <span class='ocrx_word' id='word_1_146' title='bbox 1553 2241 1605 2284; x_wconf 87' lang='lat' dir='ltr'><strong>e.</strong></span> <span class='ocrx_word' id='word_1_147' title='bbox 1660 2219 1728 2283; x_wconf 87' lang='lat' dir='ltr'><strong>in</strong></span> <span class='ocrx_word' id='word_1_148' title='bbox 1785 2219 1991 2284; x_wconf 76' lang='lat' dir='ltr'><strong>altera</strong></span> <span class='ocrx_word' id='word_1_149' title='bbox 2044 2222 2250 2302; x_wconf 75' lang='lat' dir='ltr'><strong>parte.</strong></span> 
     </span>
     <span class='ocr_line' id='line_1_21' title="bbox 217 2323 1278 2412; baseline 0 -22"><span class='ocrx_word' id='word_1_150' title='bbox 217 2327 442 2411; x_wconf 74' lang='lat' dir='ltr'><strong>itaque</strong></span> <span class='ocrx_word' id='word_1_151' title='bbox 489 2329 747 2392; x_wconf 55' lang='lat' dir='ltr'><strong>constal</strong></span> <span class='ocrx_word' id='word_1_152' title='bbox 789 2323 1278 2412; x_wconf 74' lang='lat' dir='ltr'><strong>propositum.⁸)</strong></span> 
     </span>
    </p>
   </div>
   <div class='ocr_carea' id='block_1_3' title="bbox 978 2552 1483 2608">
    <p class='ocr_par' dir='ltr' id='par_1_4' title="bbox 978 2552 1483 2608">
     <span class='ocr_line' id='line_1_22' title="bbox 978 2552 1483 2608; baseline 0.002 -1"><span class='ocrx_word' id='word_1_153' title='bbox 978 2553 1164 2608; x_wconf 83' lang='lat' dir='ltr'><strong>IDEM</strong></span> <span class='ocrx_word' id='word_1_154' title='bbox 1199 2552 1483 2608; x_wconf 82' lang='lat' dir='ltr'><strong>ALITER.</strong></span> 
     </span>
    </p>
   </div>
   <div class='ocr_carea' id='block_1_4' title="bbox 215 2660 2247 3065">
    <p class='ocr_par' dir='ltr' id='par_1_5' title="bbox 215 2660 2247 2957">
     <span class='ocr_line' id='line_1_23' title="bbox 355 2660 2247 2750; baseline 0 -23"><span class='ocrx_word' id='word_1_155' title='bbox 355 2660 456 2727; x_wconf 74' lang='lat' dir='ltr'><strong>Sit</strong></span> <span class='ocrx_word' id='word_1_156' title='bbox 509 2665 878 2750; x_wconf 78' lang='lat' dir='ltr'><strong>triangulus</strong></span> <span class='ocrx_word' id='word_1_157' title='bbox 926 2666 1140 2748; x_wconf 87' lang='grc' dir='ltr'><strong><em>ΑΒΓ,</em></strong></span> <span class='ocrx_word' id='word_1_158' title='bbox 1195 2667 1260 2727; x_wconf 75' lang='lat' dir='ltr'><strong>et</strong></span> <span class='ocrx_word' id='word_1_159' title='bbox 1316 2663 1590 2728; x_wconf 76' lang='lat' dir='ltr'><strong>ducatur</strong></span> <span class='ocrx_word' id='word_1_160' title='bbox 1634 2667 1777 2728; x_wconf 87' lang='lat' dir='ltr'><strong>AA</strong></span> <span class='ocrx_word' id='word_1_161' title='bbox 1831 2661 1913 2726; x_wconf 98' lang='lat' dir='ltr'><strong>ad</strong></span> <span class='ocrx_word' id='word_1_162' title='bbox 1968 2663 2247 2728; x_wconf 90' lang='lat' dir='ltr'><strong>mediam</strong></span> 
     </span>
     <span class='ocr_line' id='line_1_24' title="bbox 215 2769 2247 2854; baseline 0.001 -22"><span class='ocrx_word' id='word_1_163' title='bbox 215 2770 360 2834; x_wconf 90' lang='grc' dir='ltr'><strong>ΒΓ.</strong></span> <span class='ocrx_word' id='word_1_164' title='bbox 433 2769 595 2852; x_wconf 82' lang='lat' dir='ltr'><strong>dieo,</strong></span> <span class='ocrx_word' id='word_1_165' title='bbox 641 2773 934 2834; x_wconf 72' lang='lat' dir='ltr'><strong>centrum</strong></span> <span class='ocrx_word' id='word_1_166' title='bbox 981 2770 1327 2854; x_wconf 73' lang='lat' dir='ltr'><strong>grauitatis</strong></span> <span class='ocrx_word' id='word_1_167' title='bbox 1374 2769 1691 2854; x_wconf 63' lang='lat' dir='ltr'><strong>krianguli</strong></span> <span class='ocrx_word' id='word_1_168' title='bbox 1719 2771 1926 2832; x_wconf 90' lang='grc' dir='ltr'><strong>ΑΒΓ</strong></span> <span class='ocrx_word' id='word_1_169' title='bbox 1961 2769 2029 2832; x_wconf 87' lang='lat' dir='ltr'><strong>in</strong></span> <span class='ocrx_word' id='word_1_170' title='bbox 2074 2769 2247 2834; x_wconf 85' lang='lat' dir='ltr'><strong>linea</strong></span> 
     </span>
     <span class='ocr_line' id='line_1_25' title="bbox 215 2874 902 2957; baseline 0.004 -21"><span class='ocrx_word' id='word_1_171' title='bbox 215 2878 361 2937; x_wconf 85' lang='lat' dir='ltr'><strong>AA</strong></span> <span class='ocrx_word' id='word_1_172' title='bbox 404 2874 694 2957; x_wconf 75' lang='lat' dir='ltr'><strong>positum</strong></span> <span class='ocrx_word' id='word_1_173' title='bbox 741 2897 902 2939; x_wconf 87' lang='lat' dir='ltr'><strong>esse.</strong></span> 
     </span>
    </p>

    <p class='ocr_par' dir='ltr' id='par_1_6' title="bbox 349 2979 2243 3065">
     <span class='ocr_line' id='line_1_26' title="bbox 349 2979 2243 3065; baseline 0.001 -20"><span class='ocrx_word' id='word_1_174' title='bbox 349 3002 506 3045; x_wconf 85' lang='lat' dir='ltr'><strong>nam</strong></span> <span class='ocrx_word' id='word_1_175' title='bbox 549 3003 632 3045; x_wconf 93' lang='lat' dir='ltr'><strong>ne</strong></span> <span class='ocrx_word' id='word_1_176' title='bbox 670 2982 774 3065; x_wconf 55' lang='lat' dir='ltr'><strong>sil,</strong></span> <span class='ocrx_word' id='word_1_177' title='bbox 821 3003 1064 3065; x_wconf 86' lang='lat' dir='ltr'><strong>uerum,</strong></span> <span class='ocrx_word' id='word_1_178' title='bbox 1111 2982 1168 3046; x_wconf 90' lang='lat' dir='ltr'><strong>si</strong></span> <span class='ocrx_word' id='word_1_179' title='bbox 1205 2980 1348 3046; x_wconf 91' lang='lat' dir='ltr'><strong>fieri</strong></span> <span class='ocrx_word' id='word_1_180' title='bbox 1383 2983 1623 3065; x_wconf 73' lang='lat' dir='ltr'><strong>potest,</strong></span> <span class='ocrx_word' id='word_1_181' title='bbox 1670 2979 1757 3044; x_wconf 78' lang='lat' dir='ltr'><strong>sit</strong></span> <span class='ocrx_word' id='word_1_182' title='bbox 1786 2983 1859 3059; x_wconf 92' lang='grc' dir='ltr'><strong>Θ,</strong></span> <span class='ocrx_word' id='word_1_183' title='bbox 1906 2984 1972 3044; x_wconf 65' lang='lat' dir='ltr'><strong>elz</strong></span> <span class='ocrx_word' id='word_1_184' title='bbox 2010 2981 2243 3046; x_wconf 78' lang='lat' dir='ltr'><strong>ducan-</strong></span> 
     </span>
    </p>
   </div>
   <div class='ocr_carea' id='block_1_5' title="bbox 213 3086 2244 3173">
    <p class='ocr_par' dir='ltr' id='par_1_7' title="bbox 213 3086 2244 3173">
     <span class='ocr_line' id='line_1_27' title="bbox 213 3086 2244 3173; baseline 0.001 -23"><span class='ocrx_word' id='word_1_185' title='bbox 213 3089 324 3151; x_wconf 62' lang='lat' dir='ltr'><strong>ssur</strong></span> <span class='ocrx_word' id='word_1_186' title='bbox 377 3086 586 3152; x_wconf 87' lang='lat' dir='ltr'><strong>lineae</strong></span> <span class='ocrx_word' id='word_1_187' title='bbox 633 3092 790 3171; x_wconf 92' lang='grc' dir='ltr'><strong>ΑΘ,</strong></span> <span class='ocrx_word' id='word_1_188' title='bbox 837 3092 989 3172; x_wconf 86' lang='grc' dir='ltr'><strong>ΘΒ,</strong></span> <span class='ocrx_word' id='word_1_189' title='bbox 1035 3091 1176 3170; x_wconf 88' lang='grc' dir='ltr'><strong>ΘΓ,</strong></span> <span class='ocrx_word' id='word_1_190' title='bbox 1233 3093 1300 3152; x_wconf 71' lang='lat' dir='ltr'><strong>et</strong></span> <span class='ocrx_word' id='word_1_191' title='bbox 1345 3088 1553 3152; x_wconf 86' lang='lat' dir='ltr'><strong>lineae</strong></span> <span class='ocrx_word' id='word_1_192' title='bbox 1602 3092 1763 3173; x_wconf 83' lang='lat' dir='ltr'><strong>EA,</strong></span> <span class='ocrx_word' id='word_1_193' title='bbox 1814 3091 1943 3152; x_wconf 89' lang='grc' dir='ltr'><strong>ΖΕ</strong></span> <span class='ocrx_word' id='word_1_194' title='bbox 1984 3088 2063 3153; x_wconf 87' lang='lat' dir='ltr'><strong>ad</strong></span> <span class='ocrx_word' id='word_1_195' title='bbox 2110 3111 2244 3153; x_wconf 87' lang='lat' dir='ltr'><strong>me-</strong></span> 
     </span>
    </p>
   </div>
   <div class='ocr_carea' id='block_1_6' title="bbox 215 3232 644 3242">
    <p class='ocr_par' dir='ltr' id='par_1_8' title="bbox 215 3232 644 3242">
     <span class='ocr_line' id='line_1_28' title="bbox 215 3232 644 3242; baseline 0 0"><span class='ocrx_word' id='word_1_196' title='bbox 215 3232 644 3242; x_wconf 95' lang='lat' dir='ltr'><strong> </strong></span> 
     </span>
    </p>
   </div>
   <div class='ocr_carea' id='block_1_7' title="bbox 137 3298 2243 3580">
    <p class='ocr_par' dir='ltr' id='par_1_9' title="bbox 137 3298 2243 3580">
     <span class='ocr_line' id='line_1_29' title="bbox 360 3298 2241 3371; baseline -0.002 -17"><span class='ocrx_word' id='word_1_197' title='bbox 360 3302 414 3369; x_wconf 91' lang='lat'><strong>1)</strong></span> <span class='ocrx_word' id='word_1_198' title='bbox 453 3299 561 3356; x_wconf 82' lang='lat' dir='ltr'><strong>Cfr.</strong></span> <span class='ocrx_word' id='word_1_199' title='bbox 600 3300 827 3371; x_wconf 83' lang='lat' dir='ltr'><strong>Pappus</strong></span> <span class='ocrx_word' id='word_1_200' title='bbox 855 3298 976 3365; x_wconf 90' lang='lat' dir='ltr'>VII,</span> <span class='ocrx_word' id='word_1_201' title='bbox 1005 3304 1074 3353; x_wconf 85' lang='lat'><strong>45</strong></span> <span class='ocrx_word' id='word_1_202' title='bbox 1103 3317 1158 3368; x_wconf 90' lang='lat' dir='ltr'><strong>p.</strong></span> <span class='ocrx_word' id='word_1_203' title='bbox 1190 3304 1294 3353; x_wconf 81' lang='lat'><strong>684</strong></span> <span class='ocrx_word' id='word_1_204' title='bbox 1331 3299 1391 3352; x_wconf 76' lang='lat' dir='ltr'><strong>et</strong></span> <span class='ocrx_word' id='word_1_205' title='bbox 1426 3315 1597 3368; x_wconf 86' lang='lat' dir='ltr'><strong>supra</strong></span> <span class='ocrx_word' id='word_1_206' title='bbox 1630 3299 1744 3354; x_wconf 89' lang='lat' dir='ltr'><strong>uol.</strong></span> <span class='ocrx_word' id='word_1_207' title='bbox 1774 3301 1800 3354; x_wconf 95' lang='lat' dir='ltr'>I</span> <span class='ocrx_word' id='word_1_208' title='bbox 1828 3318 1879 3367; x_wconf 90' lang='lat' dir='ltr'><strong>p.</strong></span> <span class='ocrx_word' id='word_1_209' title='bbox 1911 3305 2017 3353; x_wconf 81' lang='lat'><strong>235</strong></span> <span class='ocrx_word' id='word_1_210' title='bbox 2048 3299 2161 3352; x_wconf 76' lang='lat' dir='ltr'><strong>not.</strong></span> <span class='ocrx_word' id='word_1_211' title='bbox 2193 3305 2241 3352; x_wconf 90' lang='lat'><strong>1.</strong></span> 
     </span>
     <span class='ocr_line' id='line_1_30' title="bbox 359 3368 2239 3440; baseline -0.001 -17"><span class='ocrx_word' id='word_1_212' title='bbox 359 3375 415 3438; x_wconf 85' lang='lat'><strong>2)</strong></span> <span class='ocrx_word' id='word_1_213' title='bbox 451 3369 705 3440; x_wconf 79' lang='lat' dir='ltr'><strong>Adparet</strong></span> <span class='ocrx_word' id='word_1_214' title='bbox 740 3371 907 3438; x_wconf 89' lang='lat' dir='ltr'><strong>enim,</strong></span> <span class='ocrx_word' id='word_1_215' title='bbox 945 3374 1002 3423; x_wconf 86' lang='lat' dir='ltr'><em>X</em></span> <span class='ocrx_word' id='word_1_216' title='bbox 1013 3371 1062 3424; x_wconf 86' lang='grc' dir='ltr'><strong><em>Θ</em></strong></span> <span class='ocrx_word' id='word_1_217' title='bbox 1097 3370 1367 3424; x_wconf 88' lang='lat' dir='ltr'><strong>maiorem</strong></span> <span class='ocrx_word' id='word_1_218' title='bbox 1395 3387 1515 3425; x_wconf 87' lang='lat' dir='ltr'><strong>esse</strong></span> <span class='ocrx_word' id='word_1_219' title='bbox 1545 3387 1712 3438; x_wconf 86' lang='lat' dir='ltr'><strong>quam</strong></span> <span class='ocrx_word' id='word_1_220' title='bbox 1745 3372 1853 3424; x_wconf 86' lang='grc' dir='ltr'><strong>ΦΘ</strong></span> <span class='ocrx_word' id='word_1_221' title='bbox 1880 3368 2058 3438; x_wconf 82' lang='lat' dir='ltr'><strong>(Euel.</strong></span> <span class='ocrx_word' id='word_1_222' title='bbox 2081 3368 2146 3436; x_wconf 88' lang='lat' dir='ltr'><strong>V,</strong></span> <span class='ocrx_word' id='word_1_223' title='bbox 2168 3370 2239 3437; x_wconf 89' lang='lat'><strong>8).</strong></span> 
     </span>
     <span class='ocr_line' id='line_1_31' title="bbox 360 3440 2243 3512; baseline -0.001 -16"><span class='ocrx_word' id='word_1_224' title='bbox 360 3445 414 3510; x_wconf 82' lang='lat'><strong>3)</strong></span> <span class='ocrx_word' id='word_1_225' title='bbox 453 3442 565 3496; x_wconf 83' lang='lat' dir='ltr'><strong>Res</strong></span> <span class='ocrx_word' id='word_1_226' title='bbox 611 3441 738 3512; x_wconf 85' lang='lat' dir='ltr'><strong>ipsa</strong></span> <span class='ocrx_word' id='word_1_227' title='bbox 785 3442 924 3495; x_wconf 72' lang='lat' dir='ltr'><strong>satis</strong></span> <span class='ocrx_word' id='word_1_228' title='bbox 971 3440 1208 3510; x_wconf 74' lang='lat' dir='ltr'><strong>adparet</strong></span> <span class='ocrx_word' id='word_1_229' title='bbox 1245 3458 1311 3494; x_wconf 84' lang='lat' dir='ltr'><strong>ex</strong></span> <span class='ocrx_word' id='word_1_230' title='bbox 1349 3441 1555 3510; x_wconf 73' lang='lat' dir='ltr'><strong>postul.</strong></span> <span class='ocrx_word' id='word_1_231' title='bbox 1598 3447 1656 3508; x_wconf 80' lang='lat'><strong>7,</strong></span> <span class='ocrx_word' id='word_1_232' title='bbox 1702 3441 1800 3495; x_wconf 87' lang='lat' dir='ltr'><strong>sed</strong></span> <span class='ocrx_word' id='word_1_233' title='bbox 1836 3440 2009 3495; x_wconf 86' lang='lat' dir='ltr'><strong>uerba</strong></span> <span class='ocrx_word' id='word_1_234' title='bbox 2044 3440 2243 3494; x_wconf 82' lang='lat' dir='ltr'><strong>Archi-</strong></span> 
     </span>
     <span class='ocr_line' id='line_1_32' title="bbox 137 3511 2142 3580; baseline 0.001 -17"><span class='ocrx_word' id='word_1_235' title='bbox 137 3553 147 3562; x_wconf 90' lang='lat'><strong><em>.</em></strong></span> <span class='ocrx_word' id='word_1_236' title='bbox 211 3511 394 3567; x_wconf 86' lang='lat' dir='ltr'><strong>medis</strong></span> <span class='ocrx_word' id='word_1_237' title='bbox 433 3513 754 3569; x_wconf 84' lang='lat' dir='ltr'><strong>obscuriora</strong></span> <span class='ocrx_word' id='word_1_238' title='bbox 791 3514 938 3580; x_wconf 76' lang='lat' dir='ltr'><strong>sunt,</strong></span> <span class='ocrx_word' id='word_1_239' title='bbox 975 3529 1078 3568; x_wconf 83' lang='lat' dir='ltr'><strong>nec</strong></span> <span class='ocrx_word' id='word_1_240' title='bbox 1115 3529 1184 3568; x_wconf 81' lang='lat' dir='ltr'><strong>ea</strong></span> <span class='ocrx_word' id='word_1_241' title='bbox 1217 3511 1485 3567; x_wconf 82' lang='lat' dir='ltr'><strong>Eutocius</strong></span> <span class='ocrx_word' id='word_1_242' title='bbox 1520 3511 1864 3566; x_wconf 72' lang='lat' dir='ltr'><strong>intellexisse</strong></span> <span class='ocrx_word' id='word_1_243' title='bbox 1900 3511 2142 3566; x_wconf 77' lang='lat' dir='ltr'><strong>uidetur.</strong></span> 
     </span>
    </p>
   </div>
   <div class='ocr_carea' id='block_1_8' title="bbox 1816 3599 1921 3654">
    <p class='ocr_par' dir='ltr' id='par_1_10' title="bbox 1816 3599 1921 3654">
     <span class='ocr_line' id='line_1_33' title="bbox 1816 3599 1921 3654; baseline 0 0"><span class='ocrx_word' id='word_1_244' title='bbox 1816 3599 1921 3654; x_wconf 80' lang='lat'><strong>12*</strong></span> 
     </span>
    </p>
   </div>
  </div>
 </body>
</html>
