<?xml version="1.0" encoding="UTF-8"?>
<!DOCTYPE html PUBLIC "-//W3C//DTD XHTML 1.0 Transitional//EN"
    "http://www.w3.org/TR/xhtml1/DTD/xhtml1-transitional.dtd">
<html xmlns="http://www.w3.org/1999/xhtml" xml:lang="en" lang="en">
 <head>
  <title>
</title>
<meta http-equiv="Content-Type" content="text/html;charset=utf-8" />
  <meta name='ocr-system' content='tesseract 3.04.00' />
  <meta name='ocr-capabilities' content='ocr_page ocr_carea ocr_par ocr_line ocrx_word'/>
</head>
<body>
  <div class='ocr_page' id='page_1' title='image "archimedisopera00heibgoog_0148.png"; bbox 0 0 2659 3967; ppageno 0'>
   <div class='ocr_carea' id='block_1_1' title="bbox 285 753 318 803">
    <p class='ocr_par' dir='ltr' id='par_1_1' title="bbox 285 753 318 803">
     <span class='ocr_line' id='line_1_1' title="bbox 285 753 318 803; baseline 0 0"><span class='ocrx_word' id='word_1_1' title='bbox 285 753 318 803; x_wconf 85' lang='lat'>5</span> 
     </span>
    </p>
   </div>
   <div class='ocr_carea' id='block_1_2' title="bbox 249 1287 315 1336">
    <p class='ocr_par' dir='ltr' id='par_1_2' title="bbox 249 1287 315 1336">
     <span class='ocr_line' id='line_1_2' title="bbox 249 1287 315 1336; baseline 0.03 -2"><span class='ocrx_word' id='word_1_2' title='bbox 249 1287 315 1336; x_wconf 90' lang='lat'><strong><em>10</em></strong></span> 
     </span>
    </p>
   </div>
   <div class='ocr_carea' id='block_1_3' title="bbox 252 1819 317 1868">
    <p class='ocr_par' dir='ltr' id='par_1_3' title="bbox 252 1819 317 1868">
     <span class='ocr_line' id='line_1_3' title="bbox 252 1819 317 1868; baseline 0.015 -1"><span class='ocrx_word' id='word_1_3' title='bbox 252 1819 317 1868; x_wconf 87' lang='lat'><strong><em>15</em></strong></span> 
     </span>
    </p>
   </div>
   <div class='ocr_carea' id='block_1_4' title="bbox 354 168 1618 232">
    <p class='ocr_par' dir='ltr' id='par_1_4' title="bbox 354 168 1618 232">
     <span class='ocr_line' id='line_1_4' title="bbox 354 168 1618 232; baseline -0.008 0"><span class='ocrx_word' id='word_1_4' title='bbox 354 169 483 232; x_wconf 83' lang='lat'><strong><em>136</em></strong></span> <span class='ocrx_word' id='word_1_5' title='bbox 1108 170 1284 220; x_wconf 81' lang='grc' dir='ltr'>ΠΕΡΙ</span> <span class='ocrx_word' id='word_1_6' title='bbox 1320 168 1618 222; x_wconf 71' lang='grc' dir='ltr'><strong>ΕΜΚΩΝ.</strong></span> 
     </span>
    </p>
   </div>
   <div class='ocr_carea' id='block_1_5' title="bbox 348 307 2464 2318">
    <p class='ocr_par' dir='ltr' id='par_1_5' title="bbox 348 307 2464 2318">
     <span class='ocr_line' id='line_1_5' title="bbox 348 307 2386 398; baseline -0 -19"><span class='ocrx_word' id='word_1_7' title='bbox 348 310 579 397; x_wconf 90' lang='grc' dir='ltr'><strong><em>γώνου</em></strong></span> <span class='ocrx_word' id='word_1_8' title='bbox 624 310 775 377; x_wconf 86' lang='grc' dir='ltr'><strong><em>ποτὶ</em></strong></span> <span class='ocrx_word' id='word_1_9' title='bbox 817 310 892 378; x_wconf 88' lang='grc' dir='ltr'><strong><em>τὸ</em></strong></span> <span class='ocrx_word' id='word_1_10' title='bbox 932 308 1063 379; x_wconf 78' lang='grc' dir='ltr'><strong><em>ἀπὸ</em></strong></span> <span class='ocrx_word' id='word_1_11' title='bbox 1102 314 1222 390; x_wconf 81' lang='grc' dir='ltr'><strong><em>τᾶς</em></strong></span> <span class='ocrx_word' id='word_1_12' title='bbox 1258 316 1396 377; x_wconf 99' lang='grc' dir='ltr'><strong><em>ΗΘ</em></strong></span> <span class='ocrx_word' id='word_1_13' title='bbox 1429 308 1870 396; x_wconf 77' lang='grc' dir='ltr'><strong><em>τετράγωνον.</em></strong></span> <span class='ocrx_word' id='word_1_14' title='bbox 1937 307 2101 378; x_wconf 77' lang='grc' dir='ltr'><strong><em>αὐτὸ</em></strong></span> <span class='ocrx_word' id='word_1_15' title='bbox 2141 307 2273 398; x_wconf 73' lang='grc' dir='ltr'><strong><em>ἄρα</em></strong></span> <span class='ocrx_word' id='word_1_16' title='bbox 2307 310 2386 378; x_wconf 84' lang='grc' dir='ltr'><strong><em>τὸ</em></strong></span> 
     </span>
     <span class='ocr_line' id='line_1_6' title="bbox 350 407 2382 505; baseline 0.001 -22"><span class='ocrx_word' id='word_1_17' title='bbox 350 419 412 493; x_wconf 76' lang='grc' dir='ltr'><em>Ξ</em></span> <span class='ocrx_word' id='word_1_18' title='bbox 450 417 603 484; x_wconf 83' lang='grc' dir='ltr'><strong><em>ποτὶ</em></strong></span> <span class='ocrx_word' id='word_1_19' title='bbox 650 415 726 485; x_wconf 83' lang='grc' dir='ltr'><strong><em>τὸ</em></strong></span> <span class='ocrx_word' id='word_1_20' title='bbox 763 424 919 485; x_wconf 93' lang='grc' dir='ltr'><strong><em>ΝΠ</em></strong></span> <span class='ocrx_word' id='word_1_21' title='bbox 957 421 1199 485; x_wconf 80' lang='grc' dir='ltr'><strong><em>τοῦτον</em></strong></span> <span class='ocrx_word' id='word_1_22' title='bbox 1238 421 1370 503; x_wconf 79' lang='grc' dir='ltr'><strong><em>ἔχει</em></strong></span> <span class='ocrx_word' id='word_1_23' title='bbox 1407 414 1528 483; x_wconf 88' lang='grc' dir='ltr'><strong><em>τὸν</em></strong></span> <span class='ocrx_word' id='word_1_24' title='bbox 1567 407 1796 502; x_wconf 59' lang='grc' dir='ltr'><strong><em>λόγον’,</em></strong></span> <span class='ocrx_word' id='word_1_25' title='bbox 1847 413 1928 484; x_wconf 76' lang='grc' dir='ltr'><strong><em>ὃν</em></strong></span> <span class='ocrx_word' id='word_1_26' title='bbox 1967 421 2097 505; x_wconf 80' lang='grc' dir='ltr'><strong><em>ἔχει</em></strong></span> <span class='ocrx_word' id='word_1_27' title='bbox 2135 417 2210 485; x_wconf 87' lang='grc' dir='ltr'><strong><em>τὸ</em></strong></span> <span class='ocrx_word' id='word_1_28' title='bbox 2250 416 2382 486; x_wconf 79' lang='grc' dir='ltr'><strong><em>ὑπὸ</em></strong></span> 
     </span>
     <span class='ocr_line' id='line_1_7' title="bbox 350 519 2389 610; baseline 0 -20"><span class='ocrx_word' id='word_1_29' title='bbox 350 528 477 591; x_wconf 78' lang='grc' dir='ltr'><strong><em>τᾶν</em></strong></span> <span class='ocrx_word' id='word_1_30' title='bbox 518 531 673 610; x_wconf 86' lang='grc' dir='ltr'><strong><em>ΘΑ,</em></strong></span> <span class='ocrx_word' id='word_1_31' title='bbox 723 530 875 591; x_wconf 87' lang='grc' dir='ltr'><strong><em>ΑΗ</em></strong></span> <span class='ocrx_word' id='word_1_32' title='bbox 910 521 1071 610; x_wconf 77' lang='grc' dir='ltr'><strong><em>μετὰ</em></strong></span> <span class='ocrx_word' id='word_1_33' title='bbox 1110 523 1238 590; x_wconf 77' lang='grc' dir='ltr'><strong><em>δύο</em></strong></span> <span class='ocrx_word' id='word_1_34' title='bbox 1275 528 1725 610; x_wconf 84' lang='grc' dir='ltr'><strong><em>τριταμορίων</em></strong></span> <span class='ocrx_word' id='word_1_35' title='bbox 1762 526 1888 590; x_wconf 82' lang='grc' dir='ltr'><strong><em>τοῦ</em></strong></span> <span class='ocrx_word' id='word_1_36' title='bbox 1921 519 2051 590; x_wconf 79' lang='grc' dir='ltr'><strong><em>ἀπὸ</em></strong></span> <span class='ocrx_word' id='word_1_37' title='bbox 2091 527 2208 604; x_wconf 79' lang='grc' dir='ltr'><strong><em>τᾶς</em></strong></span> <span class='ocrx_word' id='word_1_38' title='bbox 2243 531 2389 592; x_wconf 91' lang='grc' dir='ltr'><strong><em>ΗΑ</em></strong></span> 
     </span>
     <span class='ocr_line' id='line_1_8' title="bbox 352 627 2389 718; baseline 0 -21"><span class='ocrx_word' id='word_1_39' title='bbox 352 629 775 718; x_wconf 79' lang='grc' dir='ltr'><strong><em>τετραγώνου</em></strong></span> <span class='ocrx_word' id='word_1_40' title='bbox 820 631 972 698; x_wconf 82' lang='grc' dir='ltr'><strong><em>ποτὶ</em></strong></span> <span class='ocrx_word' id='word_1_41' title='bbox 1018 629 1097 699; x_wconf 78' lang='grc' dir='ltr'><strong><em>τὰ</em></strong></span> <span class='ocrx_word' id='word_1_42' title='bbox 1147 628 1623 716; x_wconf 77' lang='grc' dir='ltr'><strong><em>συναμφότερα</em></strong></span> <span class='ocrx_word' id='word_1_43' title='bbox 1669 627 1744 697; x_wconf 90' lang='grc' dir='ltr'><strong><em>τό</em></strong></span> <span class='ocrx_word' id='word_1_44' title='bbox 1791 654 1862 696; x_wconf 90' lang='grc' dir='ltr'><strong><em>τε</em></strong></span> <span class='ocrx_word' id='word_1_45' title='bbox 1897 627 2030 698; x_wconf 81' lang='grc' dir='ltr'><strong><em>ὑπὸ</em></strong></span> <span class='ocrx_word' id='word_1_46' title='bbox 2069 634 2194 698; x_wconf 79' lang='grc' dir='ltr'><strong><em>τᾶν</em></strong></span> <span class='ocrx_word' id='word_1_47' title='bbox 2235 639 2299 698; x_wconf 96' lang='lat' dir='ltr'><em>A</em></span> <span class='ocrx_word' id='word_1_48' title='bbox 2309 637 2389 716; x_wconf 87' lang='grc' dir='ltr'><strong><em>Θ,</em></strong></span> 
     </span>
     <span class='ocr_line' id='line_1_9' title="bbox 356 728 2388 825; baseline 0 -21"><span class='ocrx_word' id='word_1_49' title='bbox 356 743 502 804; x_wconf 94' lang='grc' dir='ltr'><strong><em>ΘΗ</em></strong></span> <span class='ocrx_word' id='word_1_50' title='bbox 529 737 643 805; x_wconf 86' lang='grc' dir='ltr'><strong><em>καὶ</em></strong></span> <span class='ocrx_word' id='word_1_51' title='bbox 676 735 753 804; x_wconf 87' lang='grc' dir='ltr'><strong><em>τὸ</em></strong></span> <span class='ocrx_word' id='word_1_52' title='bbox 792 743 1020 825; x_wconf 89' lang='grc' dir='ltr'><strong><em>τρίτον</em></strong></span> <span class='ocrx_word' id='word_1_53' title='bbox 1058 739 1256 824; x_wconf 89' lang='grc' dir='ltr'><strong><em>μέρος</em></strong></span> <span class='ocrx_word' id='word_1_54' title='bbox 1290 741 1414 804; x_wconf 82' lang='grc' dir='ltr'><strong><em>τοῦ</em></strong></span> <span class='ocrx_word' id='word_1_55' title='bbox 1451 733 1582 803; x_wconf 76' lang='grc' dir='ltr'><strong><em>ἀπὸ</em></strong></span> <span class='ocrx_word' id='word_1_56' title='bbox 1621 739 1738 815; x_wconf 78' lang='grc' dir='ltr'><strong><em>τᾶς</em></strong></span> <span class='ocrx_word' id='word_1_57' title='bbox 1762 743 1839 803; x_wconf 96' lang='grc' dir='ltr'>Η</span> <span class='ocrx_word' id='word_1_58' title='bbox 1845 746 1923 804; x_wconf 88' lang='grc' dir='ltr'><strong><em>Α.</em></strong></span> <span class='ocrx_word' id='word_1_59' title='bbox 1986 728 2097 804; x_wconf 84' lang='grc' dir='ltr'><strong><em>καὶ</em></strong></span> <span class='ocrx_word' id='word_1_60' title='bbox 2136 738 2273 805; x_wconf 82' lang='grc' dir='ltr'><strong><em>ἐπεὶ</em></strong></span> <span class='ocrx_word' id='word_1_61' title='bbox 2312 735 2388 806; x_wconf 87' lang='grc' dir='ltr'><strong><em>τὸ</em></strong></span> 
     </span>
     <span class='ocr_line' id='line_1_10' title="bbox 354 841 2390 932; baseline 0 -22"><span class='ocrx_word' id='word_1_62' title='bbox 354 851 511 910; x_wconf 93' lang='grc' dir='ltr'><strong><em>ΝΠ</em></strong></span> <span class='ocrx_word' id='word_1_63' title='bbox 530 849 781 932; x_wconf 89' lang='grc' dir='ltr'><strong><em>χωρίον</em></strong></span> <span class='ocrx_word' id='word_1_64' title='bbox 810 844 961 912; x_wconf 82' lang='grc' dir='ltr'><strong><em>ποτὶ</em></strong></span> <span class='ocrx_word' id='word_1_65' title='bbox 989 842 1109 911; x_wconf 83' lang='grc' dir='ltr'><strong><em>τὸν</em></strong></span> <span class='ocrx_word' id='word_1_66' title='bbox 1129 844 1330 921; x_wconf 77' lang='grc' dir='ltr'><strong><em>ΝΠΞ</em></strong></span> <span class='ocrx_word' id='word_1_67' title='bbox 1353 843 1555 928; x_wconf 88' lang='grc' dir='ltr'><strong><em>τομέα</em></strong></span> <span class='ocrx_word' id='word_1_68' title='bbox 1583 847 1827 911; x_wconf 84' lang='grc' dir='ltr'><strong><em>τοῦτον</em></strong></span> <span class='ocrx_word' id='word_1_69' title='bbox 1856 848 1987 931; x_wconf 85' lang='grc' dir='ltr'><strong><em>ἔχει</em></strong></span> <span class='ocrx_word' id='word_1_70' title='bbox 2013 841 2134 912; x_wconf 90' lang='grc' dir='ltr'><strong><em>τὸν</em></strong></span> <span class='ocrx_word' id='word_1_71' title='bbox 2158 843 2390 931; x_wconf 83' lang='grc' dir='ltr'><strong><em>λόγον,</em></strong></span> 
     </span>
     <span class='ocr_line' id='line_1_11' title="bbox 354 946 2464 1039; baseline 0 -22"><span class='ocrx_word' id='word_1_72' title='bbox 354 947 437 1018; x_wconf 79' lang='grc' dir='ltr'><strong><em>ὃν</em></strong></span> <span class='ocrx_word' id='word_1_73' title='bbox 481 956 613 1038; x_wconf 82' lang='grc' dir='ltr'><strong><em>ἔχει</em></strong></span> <span class='ocrx_word' id='word_1_74' title='bbox 655 949 1169 1039; x_wconf 88' lang='grc' dir='ltr'><strong><em>συναμφότερον</em></strong></span> <span class='ocrx_word' id='word_1_75' title='bbox 1216 948 1295 1017; x_wconf 87' lang='grc' dir='ltr'><strong><em>τό</em></strong></span> <span class='ocrx_word' id='word_1_76' title='bbox 1341 974 1412 1016; x_wconf 88' lang='grc' dir='ltr'><strong><em>τε</em></strong></span> <span class='ocrx_word' id='word_1_77' title='bbox 1456 946 1589 1017; x_wconf 79' lang='grc' dir='ltr'><strong><em>ὑπὸ</em></strong></span> <span class='ocrx_word' id='word_1_78' title='bbox 1637 953 1764 1016; x_wconf 81' lang='grc' dir='ltr'><strong><em>τᾶν</em></strong></span> <span class='ocrx_word' id='word_1_79' title='bbox 1801 956 1954 1034; x_wconf 82' lang='grc' dir='ltr'><strong><em>ΘΑ,</em></strong></span> <span class='ocrx_word' id='word_1_80' title='bbox 2001 955 2139 1017; x_wconf 92' lang='grc' dir='ltr'><strong><em>ΘΗ</em></strong></span> <span class='ocrx_word' id='word_1_81' title='bbox 2163 950 2274 1017; x_wconf 88' lang='grc' dir='ltr'><strong><em>καὶ</em></strong></span> <span class='ocrx_word' id='word_1_82' title='bbox 2311 949 2389 1017; x_wconf 87' lang='grc' dir='ltr'><strong><em>τὸ</em></strong></span> <span class='ocrx_word' id='word_1_83' title='bbox 2457 955 2464 960; x_wconf 77' lang='grc'><em>“</em></span> 
     </span>
     <span class='ocr_line' id='line_1_12' title="bbox 352 1052 2408 1145; baseline 0 -22"><span class='ocrx_word' id='word_1_84' title='bbox 352 1063 580 1144; x_wconf 88' lang='grc' dir='ltr'><strong><em>τρίτον</em></strong></span> <span class='ocrx_word' id='word_1_85' title='bbox 628 1058 827 1145; x_wconf 82' lang='grc' dir='ltr'><strong><em>μέρος</em></strong></span> <span class='ocrx_word' id='word_1_86' title='bbox 878 1061 1002 1126; x_wconf 83' lang='grc' dir='ltr'><strong><em>τοῦ</em></strong></span> <span class='ocrx_word' id='word_1_87' title='bbox 1058 1055 1189 1126; x_wconf 80' lang='grc' dir='ltr'><strong><em>ἀπὸ</em></strong></span> <span class='ocrx_word' id='word_1_88' title='bbox 1236 1061 1356 1136; x_wconf 71' lang='grc' dir='ltr'><strong><em>τοῖς</em></strong></span> <span class='ocrx_word' id='word_1_89' title='bbox 1400 1063 1546 1123; x_wconf 92' lang='grc' dir='ltr'><strong><em>ΗΑ</em></strong></span> <span class='ocrx_word' id='word_1_90' title='bbox 1591 1056 1743 1124; x_wconf 86' lang='grc' dir='ltr'><strong><em>ποτὶ</em></strong></span> <span class='ocrx_word' id='word_1_91' title='bbox 1788 1055 1864 1124; x_wconf 88' lang='grc' dir='ltr'><strong><em>τὸ</em></strong></span> <span class='ocrx_word' id='word_1_92' title='bbox 1913 1052 2044 1123; x_wconf 74' lang='grc' dir='ltr'><strong><em>ἀπὸ</em></strong></span> <span class='ocrx_word' id='word_1_93' title='bbox 2090 1061 2210 1137; x_wconf 77' lang='grc' dir='ltr'><strong><em>τᾶς</em></strong></span> <span class='ocrx_word' id='word_1_94' title='bbox 2256 1064 2408 1124; x_wconf 90' lang='grc' dir='ltr'><strong><em>ΘΗ</em></strong></span> 
     </span>
     <span class='ocr_line' id='line_1_13' title="bbox 352 1161 2394 1252; baseline 0.001 -23"><span class='ocrx_word' id='word_1_95' title='bbox 352 1163 799 1252; x_wconf 77' lang='grc' dir='ltr'><strong><em>τετράγωνον,</em></strong></span> <span class='ocrx_word' id='word_1_96' title='bbox 848 1162 883 1233; x_wconf 88' lang='grc' dir='ltr'>ὁ</span> <span class='ocrx_word' id='word_1_97' title='bbox 936 1163 1011 1232; x_wconf 76' lang='grc' dir='ltr'><strong><em>δὲ</em></strong></span> <span class='ocrx_word' id='word_1_98' title='bbox 1038 1171 1117 1231; x_wconf 96' lang='grc' dir='ltr'><em>Ν</em></span> <span class='ocrx_word' id='word_1_99' title='bbox 1119 1170 1189 1230; x_wconf 92' lang='grc' dir='ltr'><em>Π</em></span> <span class='ocrx_word' id='word_1_100' title='bbox 1197 1166 1257 1242; x_wconf 76' lang='grc' dir='ltr'><em>Ξ</em></span> <span class='ocrx_word' id='word_1_101' title='bbox 1287 1161 1528 1249; x_wconf 83' lang='grc' dir='ltr'><strong><em>τομεὺς</em></strong></span> <span class='ocrx_word' id='word_1_102' title='bbox 1563 1163 1715 1231; x_wconf 85' lang='grc' dir='ltr'><strong><em>ποτὶ</em></strong></span> <span class='ocrx_word' id='word_1_103' title='bbox 1752 1161 1874 1231; x_wconf 89' lang='grc' dir='ltr'><strong><em>τὸν</em></strong></span> <span class='ocrx_word' id='word_1_104' title='bbox 1901 1169 1980 1229; x_wconf 88' lang='grc' dir='ltr'><strong><em>Ν</em></strong></span> <span class='ocrx_word' id='word_1_105' title='bbox 2006 1164 2211 1250; x_wconf 87' lang='grc' dir='ltr'><strong><em>τομέα</em></strong></span> <span class='ocrx_word' id='word_1_106' title='bbox 2240 1169 2394 1232; x_wconf 80' lang='grc' dir='ltr'><strong><em>τοῦ·</em></strong></span> 
     </span>
     <span class='ocr_line' id='line_1_14' title="bbox 353 1267 2396 1358; baseline 0.001 -22"><span class='ocrx_word' id='word_1_107' title='bbox 353 1294 472 1338; x_wconf 88' lang='grc' dir='ltr'><strong><em>τον</em></strong></span> <span class='ocrx_word' id='word_1_108' title='bbox 511 1274 644 1357; x_wconf 78' lang='grc' dir='ltr'><strong><em>ἔχει</em></strong></span> <span class='ocrx_word' id='word_1_109' title='bbox 680 1269 800 1339; x_wconf 85' lang='grc' dir='ltr'><strong><em>τὸν</em></strong></span> <span class='ocrx_word' id='word_1_110' title='bbox 838 1271 1068 1358; x_wconf 84' lang='grc' dir='ltr'><strong><em>λόγον,</em></strong></span> <span class='ocrx_word' id='word_1_111' title='bbox 1108 1267 1191 1339; x_wconf 78' lang='grc' dir='ltr'><strong><em>ὃν</em></strong></span> <span class='ocrx_word' id='word_1_112' title='bbox 1227 1269 1302 1338; x_wconf 87' lang='grc' dir='ltr'><strong><em>τὸ</em></strong></span> <span class='ocrx_word' id='word_1_113' title='bbox 1344 1267 1476 1338; x_wconf 78' lang='grc' dir='ltr'><strong><em>ἀπὸ</em></strong></span> <span class='ocrx_word' id='word_1_114' title='bbox 1515 1274 1634 1349; x_wconf 82' lang='grc' dir='ltr'><strong><em>τᾶς</em></strong></span> <span class='ocrx_word' id='word_1_115' title='bbox 1661 1277 1807 1338; x_wconf 94' lang='grc' dir='ltr'><strong><em>ΘΗ</em></strong></span> <span class='ocrx_word' id='word_1_116' title='bbox 1829 1270 1980 1336; x_wconf 83' lang='grc' dir='ltr'><strong><em>ποτὶ</em></strong></span> <span class='ocrx_word' id='word_1_117' title='bbox 2009 1269 2084 1338; x_wconf 87' lang='grc' dir='ltr'><strong><em>τὸ</em></strong></span> <span class='ocrx_word' id='word_1_118' title='bbox 2115 1267 2244 1338; x_wconf 79' lang='grc' dir='ltr'><strong><em>ἀπὸ</em></strong></span> <span class='ocrx_word' id='word_1_119' title='bbox 2275 1275 2396 1350; x_wconf 79' lang='grc' dir='ltr'><strong><em>τᾶς</em></strong></span> 
     </span>
     <span class='ocr_line' id='line_1_15' title="bbox 355 1374 2394 1465; baseline 0 -21"><span class='ocrx_word' id='word_1_120' title='bbox 355 1385 514 1462; x_wconf 85' lang='grc' dir='ltr'><strong><em>ΘΑ,</em></strong></span> <span class='ocrx_word' id='word_1_121' title='bbox 571 1378 699 1459; x_wconf 78' lang='grc' dir='ltr'><strong><em>ἔξει</em></strong></span> <span class='ocrx_word' id='word_1_122' title='bbox 754 1377 865 1445; x_wconf 84' lang='grc' dir='ltr'><strong><em>καὶ</em></strong></span> <span class='ocrx_word' id='word_1_123' title='bbox 920 1377 996 1445; x_wconf 89' lang='grc' dir='ltr'><strong><em>τὸ</em></strong></span> <span class='ocrx_word' id='word_1_124' title='bbox 1046 1385 1202 1444; x_wconf 93' lang='grc' dir='ltr'><strong><em>ΝΠ</em></strong></span> <span class='ocrx_word' id='word_1_125' title='bbox 1239 1383 1490 1465; x_wconf 86' lang='grc' dir='ltr'><strong><em>χωρίον</em></strong></span> <span class='ocrx_word' id='word_1_126' title='bbox 1536 1377 1690 1445; x_wconf 86' lang='grc' dir='ltr'><strong><em>ποτὶ</em></strong></span> <span class='ocrx_word' id='word_1_127' title='bbox 1734 1375 1854 1444; x_wconf 87' lang='grc' dir='ltr'><strong><em>τὸν</em></strong></span> <span class='ocrx_word' id='word_1_128' title='bbox 1900 1384 1978 1444; x_wconf 94' lang='grc' dir='ltr'><strong><em>Ν</em></strong></span> <span class='ocrx_word' id='word_1_129' title='bbox 2014 1375 2135 1445; x_wconf 90' lang='grc' dir='ltr'><strong><em>τὸν</em></strong></span> <span class='ocrx_word' id='word_1_130' title='bbox 2183 1374 2394 1445; x_wconf 80' lang='grc' dir='ltr'><strong><em>αὐτὸν</em></strong></span> 
     </span>
     <span class='ocr_line' id='line_1_16' title="bbox 354 1481 2393 1571; baseline 0 -21"><span class='ocrx_word' id='word_1_131' title='bbox 354 1483 585 1570; x_wconf 81' lang='grc' dir='ltr'><strong><em>λόγον,</em></strong></span> <span class='ocrx_word' id='word_1_132' title='bbox 634 1481 719 1552; x_wconf 82' lang='grc' dir='ltr'><strong><em>ὃν</em></strong></span> <span class='ocrx_word' id='word_1_133' title='bbox 763 1489 895 1570; x_wconf 84' lang='grc' dir='ltr'><strong><em>ἔχει</em></strong></span> <span class='ocrx_word' id='word_1_134' title='bbox 945 1482 1462 1571; x_wconf 86' lang='grc' dir='ltr'><strong><em>συναμφότερον</em></strong></span> <span class='ocrx_word' id='word_1_135' title='bbox 1507 1483 1584 1552; x_wconf 92' lang='grc' dir='ltr'><strong><em>τό</em></strong></span> <span class='ocrx_word' id='word_1_136' title='bbox 1632 1509 1703 1552; x_wconf 86' lang='grc' dir='ltr'><strong><em>τε</em></strong></span> <span class='ocrx_word' id='word_1_137' title='bbox 1740 1481 1871 1553; x_wconf 82' lang='grc' dir='ltr'><strong><em>ὑπὸ</em></strong></span> <span class='ocrx_word' id='word_1_138' title='bbox 1911 1491 2060 1569; x_wconf 85' lang='grc' dir='ltr'><strong><em>ΘΑ,</em></strong></span> <span class='ocrx_word' id='word_1_139' title='bbox 2109 1490 2259 1552; x_wconf 91' lang='grc' dir='ltr'><strong><em>ΘΗ</em></strong></span> <span class='ocrx_word' id='word_1_140' title='bbox 2283 1483 2393 1552; x_wconf 86' lang='grc' dir='ltr'><strong><em>καὶ</em></strong></span> 
     </span>
     <span class='ocr_line' id='line_1_17' title="bbox 354 1587 2392 1680; baseline 0 -23"><span class='ocrx_word' id='word_1_141' title='bbox 354 1588 430 1659; x_wconf 87' lang='grc' dir='ltr'><strong><em>τὸ</em></strong></span> <span class='ocrx_word' id='word_1_142' title='bbox 487 1597 715 1679; x_wconf 87' lang='grc' dir='ltr'><strong><em>τρίτον</em></strong></span> <span class='ocrx_word' id='word_1_143' title='bbox 772 1593 971 1680; x_wconf 80' lang='grc' dir='ltr'><strong><em>μέρος</em></strong></span> <span class='ocrx_word' id='word_1_144' title='bbox 1024 1594 1147 1659; x_wconf 80' lang='grc' dir='ltr'><strong><em>τοῦ</em></strong></span> <span class='ocrx_word' id='word_1_145' title='bbox 1205 1589 1337 1659; x_wconf 78' lang='grc' dir='ltr'><strong><em>ἀπὸ</em></strong></span> <span class='ocrx_word' id='word_1_146' title='bbox 1386 1595 1504 1671; x_wconf 68' lang='grc' dir='ltr'><strong><em>τοῖς</em></strong></span> <span class='ocrx_word' id='word_1_147' title='bbox 1550 1598 1694 1660; x_wconf 92' lang='grc' dir='ltr'><strong><em>ΗΑ</em></strong></span> <span class='ocrx_word' id='word_1_148' title='bbox 1739 1592 1890 1660; x_wconf 84' lang='grc' dir='ltr'><strong><em>ποτὶ</em></strong></span> <span class='ocrx_word' id='word_1_149' title='bbox 1936 1589 2013 1658; x_wconf 88' lang='grc' dir='ltr'><strong><em>τὸ</em></strong></span> <span class='ocrx_word' id='word_1_150' title='bbox 2062 1587 2194 1659; x_wconf 74' lang='grc' dir='ltr'><strong><em>ἀπὸ</em></strong></span> <span class='ocrx_word' id='word_1_151' title='bbox 2246 1597 2392 1658; x_wconf 88' lang='grc' dir='ltr'><strong><em>ΘΑ.</em></strong></span> 
     </span>
     <span class='ocr_line' id='line_1_18' title="bbox 353 1693 2396 1785; baseline 0 -22"><span class='ocrx_word' id='word_1_152' title='bbox 353 1695 429 1764; x_wconf 88' lang='grc' dir='ltr'><strong><em>τὸ</em></strong></span> <span class='ocrx_word' id='word_1_153' title='bbox 480 1694 611 1785; x_wconf 74' lang='grc' dir='ltr'><strong><em>ἄρα</em></strong></span> <span class='ocrx_word' id='word_1_154' title='bbox 655 1704 813 1764; x_wconf 95' lang='grc' dir='ltr'><strong><em>ΝΠ</em></strong></span> <span class='ocrx_word' id='word_1_155' title='bbox 850 1697 1003 1765; x_wconf 84' lang='grc' dir='ltr'><strong><em>ποτὶ</em></strong></span> <span class='ocrx_word' id='word_1_156' title='bbox 1047 1696 1123 1766; x_wconf 87' lang='grc' dir='ltr'><strong><em>τὸ</em></strong></span> <span class='ocrx_word' id='word_1_157' title='bbox 1173 1706 1250 1764; x_wconf 95' lang='grc' dir='ltr'><em>Π</em></span> <span class='ocrx_word' id='word_1_158' title='bbox 1280 1697 1496 1784; x_wconf 83' lang='grc' dir='ltr'><strong><em>’λόγον</em></strong></span> <span class='ocrx_word' id='word_1_159' title='bbox 1543 1702 1697 1785; x_wconf 79' lang='grc' dir='ltr'><strong><em>ἔχει,</em></strong></span> <span class='ocrx_word' id='word_1_160' title='bbox 1748 1693 1829 1765; x_wconf 82' lang='grc' dir='ltr'><strong><em>ὃν</em></strong></span> <span class='ocrx_word' id='word_1_161' title='bbox 1878 1696 2396 1784; x_wconf 88' lang='grc' dir='ltr'><strong><em>συναμφότερον</em></strong></span> 
     </span>
     <span class='ocr_line' id='line_1_19' title="bbox 354 1801 2392 1893; baseline 0 -23"><span class='ocrx_word' id='word_1_162' title='bbox 354 1802 430 1870; x_wconf 88' lang='grc' dir='ltr'><strong><em>τό</em></strong></span> <span class='ocrx_word' id='word_1_163' title='bbox 478 1829 548 1870; x_wconf 89' lang='grc' dir='ltr'><strong><em>τε</em></strong></span> <span class='ocrx_word' id='word_1_164' title='bbox 593 1801 726 1872; x_wconf 84' lang='grc' dir='ltr'><strong><em>ὑπὸ</em></strong></span> <span class='ocrx_word' id='word_1_165' title='bbox 772 1809 898 1872; x_wconf 80' lang='grc' dir='ltr'><strong><em>τᾶν</em></strong></span> <span class='ocrx_word' id='word_1_166' title='bbox 936 1812 1094 1891; x_wconf 90' lang='grc' dir='ltr'><strong><em>ΗΘ,</em></strong></span> <span class='ocrx_word' id='word_1_167' title='bbox 1141 1812 1273 1873; x_wconf 92' lang='grc' dir='ltr'><strong><em>ΘΑ</em></strong></span> <span class='ocrx_word' id='word_1_168' title='bbox 1317 1804 1430 1872; x_wconf 85' lang='grc' dir='ltr'><strong><em>καὶ</em></strong></span> <span class='ocrx_word' id='word_1_169' title='bbox 1476 1803 1551 1872; x_wconf 88' lang='grc' dir='ltr'><strong><em>τὸ</em></strong></span> <span class='ocrx_word' id='word_1_170' title='bbox 1598 1810 1826 1891; x_wconf 87' lang='grc' dir='ltr'><strong><em>τρίτον</em></strong></span> <span class='ocrx_word' id='word_1_171' title='bbox 1864 1806 2063 1893; x_wconf 83' lang='grc' dir='ltr'><strong><em>μέρος</em></strong></span> <span class='ocrx_word' id='word_1_172' title='bbox 2098 1808 2220 1872; x_wconf 84' lang='grc' dir='ltr'><strong><em>τοῦ</em></strong></span> <span class='ocrx_word' id='word_1_173' title='bbox 2260 1801 2392 1871; x_wconf 73' lang='grc' dir='ltr'><strong><em>ἀπὸ</em></strong></span> 
     </span>
     <span class='ocr_line' id='line_1_20' title="bbox 354 1897 2397 1999; baseline 0 -23"><span class='ocrx_word' id='word_1_174' title='bbox 354 1915 473 1990; x_wconf 69' lang='grc' dir='ltr'><strong><em>τοῖς</em></strong></span> <span class='ocrx_word' id='word_1_175' title='bbox 519 1917 662 1978; x_wconf 93' lang='lat' dir='ltr'><em>HA</em></span> <span class='ocrx_word' id='word_1_176' title='bbox 715 1911 866 1978; x_wconf 84' lang='grc' dir='ltr'><strong><em>ποτὶ</em></strong></span> <span class='ocrx_word' id='word_1_177' title='bbox 914 1910 1430 1999; x_wconf 86' lang='grc' dir='ltr'><strong><em>συναμφότερον</em></strong></span> <span class='ocrx_word' id='word_1_178' title='bbox 1475 1910 1552 1978; x_wconf 86' lang='grc' dir='ltr'><strong><em>τό</em></strong></span> <span class='ocrx_word' id='word_1_179' title='bbox 1599 1937 1669 1978; x_wconf 84' lang='grc' dir='ltr'><strong><em>τε</em></strong></span> <span class='ocrx_word' id='word_1_180' title='bbox 1713 1908 1845 1978; x_wconf 80' lang='grc' dir='ltr'><strong><em>ὑπὸ</em></strong></span> <span class='ocrx_word' id='word_1_181' title='bbox 1892 1915 2018 1978; x_wconf 80' lang='grc' dir='ltr'><strong><em>τᾶν</em></strong></span> <span class='ocrx_word' id='word_1_182' title='bbox 2054 1918 2219 1995; x_wconf 82' lang='grc' dir='ltr'><strong><em>ΗΑ,</em></strong></span> <span class='ocrx_word' id='word_1_183' title='bbox 2266 1897 2397 1978; x_wconf 92' lang='grc' dir='ltr'><strong><em>ΘΑ</em></strong></span> 
     </span>
     <span class='ocr_line' id='line_1_21' title="bbox 355 2015 2396 2106; baseline 0 -23"><span class='ocrx_word' id='word_1_184' title='bbox 355 2016 467 2084; x_wconf 84' lang='grc' dir='ltr'><strong><em>καὶ</em></strong></span> <span class='ocrx_word' id='word_1_185' title='bbox 531 2015 607 2084; x_wconf 86' lang='grc' dir='ltr'><strong><em>τὸ</em></strong></span> <span class='ocrx_word' id='word_1_186' title='bbox 673 2022 900 2104; x_wconf 86' lang='grc' dir='ltr'><strong><em>τρίτον</em></strong></span> <span class='ocrx_word' id='word_1_187' title='bbox 965 2018 1165 2105; x_wconf 84' lang='grc' dir='ltr'><strong><em>μέρος</em></strong></span> <span class='ocrx_word' id='word_1_188' title='bbox 1215 2022 1342 2086; x_wconf 81' lang='grc' dir='ltr'><strong><em>τοῦ</em></strong></span> <span class='ocrx_word' id='word_1_189' title='bbox 1399 2015 1528 2086; x_wconf 83' lang='grc' dir='ltr'><strong><em>ἀπὸ</em></strong></span> <span class='ocrx_word' id='word_1_190' title='bbox 1589 2020 1708 2097; x_wconf 83' lang='grc' dir='ltr'><strong><em>τᾶς</em></strong></span> <span class='ocrx_word' id='word_1_191' title='bbox 1762 2024 1904 2085; x_wconf 87' lang='grc' dir='ltr'><strong><em>ΗΑ</em></strong></span> <span class='ocrx_word' id='word_1_192' title='bbox 1956 2015 2396 2106; x_wconf 78' lang='grc' dir='ltr'><strong><em>τετραγώνου.</em></strong></span> 
     </span>
     <span class='ocr_line' id='line_1_22' title="bbox 358 2114 2397 2212; baseline -0 -22"><span class='ocrx_word' id='word_1_193' title='bbox 358 2123 497 2190; x_wconf 82' lang='grc' dir='ltr'><strong><em>ἐπεὶ</em></strong></span> <span class='ocrx_word' id='word_1_194' title='bbox 554 2114 681 2190; x_wconf 83' lang='grc' dir='ltr'><strong><em>οὖν</em></strong></span> <span class='ocrx_word' id='word_1_195' title='bbox 735 2122 811 2190; x_wconf 85' lang='grc' dir='ltr'><strong><em>τὸ</em></strong></span> <span class='ocrx_word' id='word_1_196' title='bbox 860 2127 921 2199; x_wconf 79' lang='grc' dir='ltr'><em>Ξ</em></span> <span class='ocrx_word' id='word_1_197' title='bbox 971 2130 1220 2212; x_wconf 85' lang='grc' dir='ltr'><strong><em>χωρίον</em></strong></span> <span class='ocrx_word' id='word_1_198' title='bbox 1278 2125 1427 2191; x_wconf 85' lang='grc' dir='ltr'><strong><em>ποτὶ</em></strong></span> <span class='ocrx_word' id='word_1_199' title='bbox 1487 2123 1562 2192; x_wconf 87' lang='grc' dir='ltr'><strong><em>τὸ</em></strong></span> <span class='ocrx_word' id='word_1_200' title='bbox 1612 2131 1769 2191; x_wconf 97' lang='grc' dir='ltr'><strong><em>ΝΠ</em></strong></span> <span class='ocrx_word' id='word_1_201' title='bbox 1805 2127 2050 2192; x_wconf 82' lang='grc' dir='ltr'><strong><em>τοῦτον</em></strong></span> <span class='ocrx_word' id='word_1_202' title='bbox 2098 2129 2228 2211; x_wconf 82' lang='grc' dir='ltr'><strong><em>ἔχει</em></strong></span> <span class='ocrx_word' id='word_1_203' title='bbox 2275 2120 2397 2190; x_wconf 86' lang='grc' dir='ltr'><strong><em>τὸν</em></strong></span> 
     </span>
     <span class='ocr_line' id='line_1_23' title="bbox 356 2225 2398 2318; baseline -0 -23"><span class='ocrx_word' id='word_1_204' title='bbox 356 2226 587 2314; x_wconf 83' lang='grc' dir='ltr'><strong><em>λόγον,</em></strong></span> <span class='ocrx_word' id='word_1_205' title='bbox 636 2225 718 2296; x_wconf 80' lang='grc' dir='ltr'><strong><em>ὃν</em></strong></span> <span class='ocrx_word' id='word_1_206' title='bbox 766 2234 897 2316; x_wconf 83' lang='grc' dir='ltr'><strong><em>ἔχει</em></strong></span> <span class='ocrx_word' id='word_1_207' title='bbox 944 2230 1459 2318; x_wconf 86' lang='grc' dir='ltr'><strong><em>συναμφότερον</em></strong></span> <span class='ocrx_word' id='word_1_208' title='bbox 1506 2229 1584 2297; x_wconf 88' lang='grc' dir='ltr'><strong><em>τό</em></strong></span> <span class='ocrx_word' id='word_1_209' title='bbox 1630 2257 1698 2298; x_wconf 89' lang='grc' dir='ltr'><strong><em>τε</em></strong></span> <span class='ocrx_word' id='word_1_210' title='bbox 1736 2229 1868 2298; x_wconf 79' lang='grc' dir='ltr'><strong><em>ὑπὸ</em></strong></span> <span class='ocrx_word' id='word_1_211' title='bbox 1907 2238 2058 2316; x_wconf 86' lang='grc' dir='ltr'><strong><em>ΘΑ,</em></strong></span> <span class='ocrx_word' id='word_1_212' title='bbox 2108 2237 2254 2298; x_wconf 95' lang='lat' dir='ltr'><em>AH</em></span> <span class='ocrx_word' id='word_1_213' title='bbox 2284 2228 2398 2296; x_wconf 82' lang='grc' dir='ltr'><strong><em>καὶ</em></strong></span> 
     </span>
    </p>
   </div>
   <div class='ocr_carea' id='block_1_6' title="bbox 254 2332 2397 2424">
    <p class='ocr_par' dir='ltr' id='par_1_6' title="bbox 254 2332 2397 2424">
     <span class='ocr_line' id='line_1_24' title="bbox 254 2332 2397 2424; baseline 0 -24"><span class='ocrx_word' id='word_1_214' title='bbox 254 2352 324 2400; x_wconf 82' lang='lat'><strong><em>20</em></strong></span> <span class='ocrx_word' id='word_1_215' title='bbox 363 2332 490 2402; x_wconf 76' lang='grc' dir='ltr'><strong><em>δύο</em></strong></span> <span class='ocrx_word' id='word_1_216' title='bbox 538 2335 933 2423; x_wconf 85' lang='grc' dir='ltr'><strong><em>τριταμόρια</em></strong></span> <span class='ocrx_word' id='word_1_217' title='bbox 979 2339 1102 2403; x_wconf 82' lang='grc' dir='ltr'><strong><em>τοῦ</em></strong></span> <span class='ocrx_word' id='word_1_218' title='bbox 1148 2334 1281 2404; x_wconf 76' lang='grc' dir='ltr'><strong><em>ἀπὸ</em></strong></span> <span class='ocrx_word' id='word_1_219' title='bbox 1330 2341 1447 2416; x_wconf 68' lang='grc' dir='ltr'><strong><em>τοῖς</em></strong></span> <span class='ocrx_word' id='word_1_220' title='bbox 1474 2344 1620 2404; x_wconf 92' lang='lat' dir='ltr'><em>HA</em></span> <span class='ocrx_word' id='word_1_221' title='bbox 1664 2335 2090 2424; x_wconf 76' lang='grc' dir='ltr'><strong><em>τετραγώνου</em></strong></span> <span class='ocrx_word' id='word_1_222' title='bbox 2127 2334 2279 2402; x_wconf 86' lang='grc' dir='ltr'><strong><em>ποτὶ</em></strong></span> <span class='ocrx_word' id='word_1_223' title='bbox 2315 2332 2397 2401; x_wconf 80' lang='grc' dir='ltr'><strong><em>τὰ</em></strong></span> 
     </span>
    </p>
   </div>
   <div class='ocr_carea' id='block_1_7' title="bbox 358 2440 2408 2849">
    <p class='ocr_par' dir='ltr' id='par_1_7' title="bbox 358 2440 2408 2849">
     <span class='ocr_line' id='line_1_25' title="bbox 361 2440 2396 2529; baseline -0 -21"><span class='ocrx_word' id='word_1_224' title='bbox 361 2441 841 2529; x_wconf 82' lang='grc' dir='ltr'><strong><em>συναμφότερα</em></strong></span> <span class='ocrx_word' id='word_1_225' title='bbox 894 2442 971 2511; x_wconf 88' lang='grc' dir='ltr'><strong><em>τό</em></strong></span> <span class='ocrx_word' id='word_1_226' title='bbox 1019 2467 1088 2510; x_wconf 86' lang='grc' dir='ltr'><strong><em>τε</em></strong></span> <span class='ocrx_word' id='word_1_227' title='bbox 1134 2440 1266 2511; x_wconf 82' lang='grc' dir='ltr'><strong><em>ὑπὸ</em></strong></span> <span class='ocrx_word' id='word_1_228' title='bbox 1313 2448 1440 2511; x_wconf 79' lang='grc' dir='ltr'><strong><em>τᾶν</em></strong></span> <span class='ocrx_word' id='word_1_229' title='bbox 1489 2451 1654 2529; x_wconf 85' lang='grc' dir='ltr'><strong><em>ΗΘ,</em></strong></span> <span class='ocrx_word' id='word_1_230' title='bbox 1711 2451 1841 2511; x_wconf 88' lang='grc' dir='ltr'><strong><em>ΘΑ</em></strong></span> <span class='ocrx_word' id='word_1_231' title='bbox 1886 2443 1998 2510; x_wconf 80' lang='grc' dir='ltr'><strong><em>καὶ</em></strong></span> <span class='ocrx_word' id='word_1_232' title='bbox 2043 2441 2118 2511; x_wconf 89' lang='grc' dir='ltr'><strong><em>τὸ</em></strong></span> <span class='ocrx_word' id='word_1_233' title='bbox 2167 2447 2396 2529; x_wconf 88' lang='grc' dir='ltr'><strong><em>τρίτον</em></strong></span> 
     </span>
     <span class='ocr_line' id='line_1_26' title="bbox 359 2547 2408 2638; baseline -0 -22"><span class='ocrx_word' id='word_1_234' title='bbox 359 2547 561 2635; x_wconf 80' lang='grc' dir='ltr'><strong><em>μέρος</em></strong></span> <span class='ocrx_word' id='word_1_235' title='bbox 604 2553 728 2617; x_wconf 83' lang='grc' dir='ltr'><strong><em>τοῦ</em></strong></span> <span class='ocrx_word' id='word_1_236' title='bbox 776 2547 907 2617; x_wconf 80' lang='grc' dir='ltr'><strong><em>ἀπὸ</em></strong></span> <span class='ocrx_word' id='word_1_237' title='bbox 954 2553 1073 2629; x_wconf 74' lang='grc' dir='ltr'><strong><em>τοῖς</em></strong></span> <span class='ocrx_word' id='word_1_238' title='bbox 1110 2556 1274 2636; x_wconf 90' lang='grc' dir='ltr'><strong><em>ΗΑ,</em></strong></span> <span class='ocrx_word' id='word_1_239' title='bbox 1319 2547 1396 2617; x_wconf 87' lang='grc' dir='ltr'><strong><em>τὸ</em></strong></span> <span class='ocrx_word' id='word_1_240' title='bbox 1438 2549 1513 2618; x_wconf 75' lang='grc' dir='ltr'><strong><em>δὲ</em></strong></span> <span class='ocrx_word' id='word_1_241' title='bbox 1550 2556 1707 2617; x_wconf 96' lang='grc' dir='ltr'><strong><em>ΝΠ</em></strong></span> <span class='ocrx_word' id='word_1_242' title='bbox 1736 2557 1986 2638; x_wconf 84' lang='grc' dir='ltr'><strong><em>χωρίον</em></strong></span> <span class='ocrx_word' id='word_1_243' title='bbox 2023 2548 2176 2616; x_wconf 84' lang='grc' dir='ltr'><strong><em>ποτὶ</em></strong></span> <span class='ocrx_word' id='word_1_244' title='bbox 2211 2547 2288 2616; x_wconf 90' lang='grc' dir='ltr'><strong><em>τὸ</em></strong></span> <span class='ocrx_word' id='word_1_245' title='bbox 2329 2556 2408 2615; x_wconf 95' lang='grc' dir='ltr'><em>Π</em></span> 
     </span>
     <span class='ocr_line' id='line_1_27' title="bbox 358 2648 2396 2743; baseline 0 -21"><span class='ocrx_word' id='word_1_246' title='bbox 358 2659 607 2723; x_wconf 87' lang='grc' dir='ltr'><strong><em>τοῦτον</em></strong></span> <span class='ocrx_word' id='word_1_247' title='bbox 654 2661 784 2743; x_wconf 79' lang='grc' dir='ltr'><strong><em>ἔχει</em></strong></span> <span class='ocrx_word' id='word_1_248' title='bbox 830 2653 951 2724; x_wconf 89' lang='grc' dir='ltr'><strong><em>τὸν</em></strong></span> <span class='ocrx_word' id='word_1_249' title='bbox 997 2655 1231 2742; x_wconf 82' lang='grc' dir='ltr'><strong><em>λόγον,</em></strong></span> <span class='ocrx_word' id='word_1_250' title='bbox 1280 2648 1362 2724; x_wconf 82' lang='grc' dir='ltr'><strong><em>ὃν</em></strong></span> <span class='ocrx_word' id='word_1_251' title='bbox 1408 2654 1488 2724; x_wconf 85' lang='grc' dir='ltr'><strong><em>τὰ</em></strong></span> <span class='ocrx_word' id='word_1_252' title='bbox 1534 2655 2008 2743; x_wconf 84' lang='grc' dir='ltr'><strong><em>συναμφότερα</em></strong></span> <span class='ocrx_word' id='word_1_253' title='bbox 2042 2653 2118 2722; x_wconf 89' lang='grc' dir='ltr'><strong><em>τό</em></strong></span> <span class='ocrx_word' id='word_1_254' title='bbox 2158 2680 2227 2721; x_wconf 89' lang='grc' dir='ltr'><strong><em>τε</em></strong></span> <span class='ocrx_word' id='word_1_255' title='bbox 2262 2651 2396 2722; x_wconf 85' lang='grc' dir='ltr'><strong><em>ὑπὸ</em></strong></span> 
     </span>
     <span class='ocr_line' id='line_1_28' title="bbox 359 2759 2400 2849; baseline 0 -21"><span class='ocrx_word' id='word_1_256' title='bbox 359 2765 486 2828; x_wconf 78' lang='grc' dir='ltr'><strong><em>τᾶν</em></strong></span> <span class='ocrx_word' id='word_1_257' title='bbox 532 2768 698 2843; x_wconf 85' lang='grc' dir='ltr'><strong><em>ΗΘ,</em></strong></span> <span class='ocrx_word' id='word_1_258' title='bbox 746 2769 877 2830; x_wconf 90' lang='grc' dir='ltr'><strong><em>ΘΑ</em></strong></span> <span class='ocrx_word' id='word_1_259' title='bbox 931 2761 1044 2828; x_wconf 86' lang='grc' dir='ltr'><strong><em>καὶ</em></strong></span> <span class='ocrx_word' id='word_1_260' title='bbox 1100 2759 1175 2830; x_wconf 89' lang='grc' dir='ltr'><strong><em>τὸ</em></strong></span> <span class='ocrx_word' id='word_1_261' title='bbox 1223 2768 1452 2849; x_wconf 85' lang='grc' dir='ltr'><strong><em>τρίτον</em></strong></span> <span class='ocrx_word' id='word_1_262' title='bbox 1496 2762 1696 2849; x_wconf 89' lang='grc' dir='ltr'><strong><em>μέρος</em></strong></span> <span class='ocrx_word' id='word_1_263' title='bbox 1740 2765 1863 2829; x_wconf 85' lang='grc' dir='ltr'><strong><em>τοῦ</em></strong></span> <span class='ocrx_word' id='word_1_264' title='bbox 1911 2759 2044 2829; x_wconf 76' lang='grc' dir='ltr'><strong><em>ἀπὸ</em></strong></span> <span class='ocrx_word' id='word_1_265' title='bbox 2093 2765 2212 2841; x_wconf 79' lang='grc' dir='ltr'><strong><em>τᾶς</em></strong></span> <span class='ocrx_word' id='word_1_266' title='bbox 2257 2767 2400 2828; x_wconf 91' lang='lat' dir='ltr'><em>HA</em></span> 
     </span>
    </p>
   </div>
   <div class='ocr_carea' id='block_1_8' title="bbox 254 2863 2398 2956">
    <p class='ocr_par' dir='ltr' id='par_1_8' title="bbox 254 2863 2398 2956">
     <span class='ocr_line' id='line_1_29' title="bbox 254 2863 2398 2956; baseline 0.001 -26"><span class='ocrx_word' id='word_1_267' title='bbox 254 2882 323 2932; x_wconf 81' lang='lat'><strong><em>25</em></strong></span> <span class='ocrx_word' id='word_1_268' title='bbox 358 2868 783 2956; x_wconf 80' lang='grc' dir='ltr'><strong><em>τετραγώνου</em></strong></span> <span class='ocrx_word' id='word_1_269' title='bbox 837 2868 988 2936; x_wconf 84' lang='grc' dir='ltr'><strong><em>ποτὶ</em></strong></span> <span class='ocrx_word' id='word_1_270' title='bbox 1046 2867 1561 2954; x_wconf 84' lang='grc' dir='ltr'><strong><em>συναμφότερον</em></strong></span> <span class='ocrx_word' id='word_1_271' title='bbox 1615 2867 1691 2935; x_wconf 90' lang='grc' dir='ltr'><strong><em>τό</em></strong></span> <span class='ocrx_word' id='word_1_272' title='bbox 1749 2892 1817 2934; x_wconf 87' lang='grc' dir='ltr'><strong><em>τε</em></strong></span> <span class='ocrx_word' id='word_1_273' title='bbox 1872 2863 2004 2935; x_wconf 83' lang='grc' dir='ltr'><strong><em>ὑπὸ</em></strong></span> <span class='ocrx_word' id='word_1_274' title='bbox 2062 2871 2187 2934; x_wconf 83' lang='grc' dir='ltr'><strong><em>τᾶν</em></strong></span> <span class='ocrx_word' id='word_1_275' title='bbox 2233 2872 2310 2933; x_wconf 99' lang='grc' dir='ltr'>Η</span> <span class='ocrx_word' id='word_1_276' title='bbox 2314 2874 2398 2952; x_wconf 84' lang='lat' dir='ltr'><strong><em>A,</em></strong></span> 
     </span>
    </p>
   </div>
   <div class='ocr_carea' id='block_1_9' title="bbox 359 2972 2400 3166">
    <p class='ocr_par' dir='ltr' id='par_1_9' title="bbox 359 2972 2400 3166">
     <span class='ocr_line' id='line_1_30' title="bbox 361 2972 2398 3062; baseline 0 -22"><span class='ocrx_word' id='word_1_277' title='bbox 361 2979 494 3040; x_wconf 89' lang='grc' dir='ltr'><strong><em>ΑΘ</em></strong></span> <span class='ocrx_word' id='word_1_278' title='bbox 544 2974 655 3040; x_wconf 84' lang='grc' dir='ltr'><strong><em>καὶ</em></strong></span> <span class='ocrx_word' id='word_1_279' title='bbox 710 2972 785 3042; x_wconf 88' lang='grc' dir='ltr'><strong><em>τὸ</em></strong></span> <span class='ocrx_word' id='word_1_280' title='bbox 844 2980 1071 3062; x_wconf 87' lang='grc' dir='ltr'><strong><em>τρίτον</em></strong></span> <span class='ocrx_word' id='word_1_281' title='bbox 1129 2975 1330 3062; x_wconf 86' lang='grc' dir='ltr'><strong><em>μέρος</em></strong></span> <span class='ocrx_word' id='word_1_282' title='bbox 1374 2978 1496 3041; x_wconf 81' lang='grc' dir='ltr'><strong><em>τοῦ</em></strong></span> <span class='ocrx_word' id='word_1_283' title='bbox 1543 2972 1676 3041; x_wconf 76' lang='grc' dir='ltr'><strong><em>ἀπὸ</em></strong></span> <span class='ocrx_word' id='word_1_284' title='bbox 1725 2977 1842 3054; x_wconf 77' lang='grc' dir='ltr'><strong><em>τᾶς</em></strong></span> <span class='ocrx_word' id='word_1_285' title='bbox 1885 2980 2030 3042; x_wconf 92' lang='grc' dir='ltr'><strong><em>ΗΑ</em></strong></span> <span class='ocrx_word' id='word_1_286' title='bbox 2074 2973 2398 3060; x_wconf 89' lang='grc' dir='ltr'><strong><em>τετραγώ-</em></strong></span> 
     </span>
     <span class='ocr_line' id='line_1_31' title="bbox 359 3077 2400 3166; baseline 0.001 -20"><span class='ocrx_word' id='word_1_287' title='bbox 359 3105 519 3164; x_wconf 87' lang='grc' dir='ltr'><strong><em>νου,</em></strong></span> <span class='ocrx_word' id='word_1_288' title='bbox 570 3080 697 3160; x_wconf 74' lang='grc' dir='ltr'><strong><em>ἕξει</em></strong></span> <span class='ocrx_word' id='word_1_289' title='bbox 742 3080 854 3146; x_wconf 84' lang='grc' dir='ltr'><strong><em>καὶ</em></strong></span> <span class='ocrx_word' id='word_1_290' title='bbox 901 3079 975 3147; x_wconf 88' lang='grc' dir='ltr'><strong><em>τὸ</em></strong></span> <span class='ocrx_word' id='word_1_291' title='bbox 1024 3082 1085 3155; x_wconf 80' lang='grc' dir='ltr'><em>Ξ</em></span> <span class='ocrx_word' id='word_1_292' title='bbox 1126 3080 1277 3147; x_wconf 86' lang='grc' dir='ltr'><strong><em>ποτὶ</em></strong></span> <span class='ocrx_word' id='word_1_293' title='bbox 1323 3078 1400 3148; x_wconf 88' lang='grc' dir='ltr'><strong><em>τὸ</em></strong></span> <span class='ocrx_word' id='word_1_294' title='bbox 1449 3088 1526 3147; x_wconf 98' lang='grc' dir='ltr'><em>Π</em></span> <span class='ocrx_word' id='word_1_295' title='bbox 1562 3083 1804 3148; x_wconf 81' lang='grc' dir='ltr'><strong><em>τοῦτον</em></strong></span> <span class='ocrx_word' id='word_1_296' title='bbox 1850 3078 1973 3147; x_wconf 87' lang='grc' dir='ltr'><strong><em>τὸν</em></strong></span> <span class='ocrx_word' id='word_1_297' title='bbox 2018 3079 2259 3166; x_wconf 84' lang='grc' dir='ltr'><strong><em>λόγον,</em></strong></span> <span class='ocrx_word' id='word_1_298' title='bbox 2317 3077 2400 3148; x_wconf 81' lang='grc' dir='ltr'><strong><em>ὃν</em></strong></span> 
     </span>
    </p>
   </div>
   <div class='ocr_carea' id='block_1_10' title="bbox 364 3225 793 3234">
    <p class='ocr_par' dir='ltr' id='par_1_10' title="bbox 364 3225 793 3234">
     <span class='ocr_line' id='line_1_32' title="bbox 364 3225 793 3234; baseline 0 733"><span class='ocrx_word' id='word_1_299' title='bbox 364 3225 793 3234; x_wconf 95' lang='lat' dir='ltr'><strong><em> </em></strong></span> 
     </span>
    </p>
   </div>
   <div class='ocr_carea' id='block_1_11' title="bbox 359 3300 2396 3451">
    <p class='ocr_par' dir='ltr' id='par_1_11' title="bbox 359 3300 2396 3451">
     <span class='ocr_line' id='line_1_33' title="bbox 509 3300 2396 3379; baseline -0.001 -15"><span class='ocrx_word' id='word_1_300' title='bbox 509 3316 555 3364; x_wconf 87' lang='grc'><strong><em>1.</em></strong></span> <span class='ocrx_word' id='word_1_301' title='bbox 595 3329 693 3379; x_wconf 81' lang='grc' dir='ltr'><strong><em>της</em></strong></span> <span class='ocrx_word' id='word_1_302' title='bbox 728 3309 799 3373; x_wconf 86' lang='lat' dir='ltr'><strong><em>F;</em></strong></span> <span class='ocrx_word' id='word_1_303' title='bbox 850 3325 987 3364; x_wconf 85' lang='lat' dir='ltr'>corr.</span> <span class='ocrx_word' id='word_1_304' title='bbox 1016 3300 1323 3365; x_wconf 70' lang='lat' dir='ltr'>Toranius.</span> <span class='ocrx_word' id='word_1_305' title='bbox 1469 3316 1518 3364; x_wconf 86' lang='lat'><strong><em>3.</em></strong></span> <span class='ocrx_word' id='word_1_306' title='bbox 1562 3310 1739 3364; x_wconf 91' lang='grc' dir='ltr'><strong><em>ΘΑΗ</em></strong></span> <span class='ocrx_word' id='word_1_307' title='bbox 1769 3308 1840 3377; x_wconf 87' lang='lat' dir='ltr'><strong><em>F,</em></strong></span> <span class='ocrx_word' id='word_1_308' title='bbox 1887 3309 2088 3378; x_wconf 77' lang='lat' dir='ltr'>uu1g03</span> <span class='ocrx_word' id='word_1_309' title='bbox 2135 3308 2396 3365; x_wconf 73' lang='lat' dir='ltr'><strong>similiter</strong></span> 
     </span>
     <span class='ocr_line' id='line_1_34' title="bbox 359 3379 2394 3451; baseline 0.001 -17"><span class='ocrx_word' id='word_1_310' title='bbox 359 3382 458 3436; x_wconf 86' lang='lat' dir='ltr'><strong>lin.</strong></span> <span class='ocrx_word' id='word_1_311' title='bbox 488 3386 538 3436; x_wconf 85' lang='lat'><strong><em>4.</em></strong></span> <span class='ocrx_word' id='word_1_312' title='bbox 652 3389 699 3436; x_wconf 90' lang='grc'><strong><em>6.</em></strong></span> <span class='ocrx_word' id='word_1_313' title='bbox 740 3380 953 3451; x_wconf 77' lang='grc' dir='ltr'><em>ΝΠΞ]</em></span> <span class='ocrx_word' id='word_1_314' title='bbox 994 3383 1059 3433; x_wconf 96' lang='lat' dir='ltr'><strong><em>N</em></strong></span> <span class='ocrx_word' id='word_1_315' title='bbox 1066 3382 1187 3439; x_wconf 74' lang='grc' dir='ltr'><strong><em>ΗΞ</em></strong></span> <span class='ocrx_word' id='word_1_316' title='bbox 1210 3379 1340 3446; x_wconf 78' lang='lat' dir='ltr'><strong><em>FD3</em></strong></span> <span class='ocrx_word' id='word_1_317' title='bbox 1380 3384 1439 3434; x_wconf 93' lang='grc' dir='ltr'><strong><em>Ν</em></strong></span> <span class='ocrx_word' id='word_1_318' title='bbox 1451 3381 1506 3437; x_wconf 76' lang='grc' dir='ltr'><strong>Ξ</strong></span> <span class='ocrx_word' id='word_1_319' title='bbox 1538 3380 1737 3449; x_wconf 84' lang='lat' dir='ltr'>uulg03</span> <span class='ocrx_word' id='word_1_320' title='bbox 1779 3396 1915 3434; x_wconf 78' lang='lat' dir='ltr'>corr.</span> <span class='ocrx_word' id='word_1_321' title='bbox 1947 3379 2240 3436; x_wconf 70' lang='lat' dir='ltr'>TorelliuS.</span> <span class='ocrx_word' id='word_1_322' title='bbox 2347 3387 2394 3436; x_wconf 79' lang='lat'><strong><em>7.</em></strong></span> 
     </span>
    </p>
   </div>
   <div class='ocr_carea' id='block_1_12' title="bbox 360 3450 2396 3591">
    <p class='ocr_par' dir='ltr' id='par_1_12' title="bbox 360 3450 2396 3591">
     <span class='ocr_line' id='line_1_35' title="bbox 361 3450 2394 3533; baseline 0.002 -29"><span class='ocrx_word' id='word_1_323' title='bbox 361 3451 493 3522; x_wconf 80' lang='grc' dir='ltr'><strong><em>τᾶν]</em></strong></span> <span class='ocrx_word' id='word_1_324' title='bbox 536 3473 647 3507; x_wconf 87' lang='grc' dir='ltr'><strong><em>των</em></strong></span> <span class='ocrx_word' id='word_1_325' title='bbox 684 3468 787 3521; x_wconf 83' lang='lat' dir='ltr'><strong><em>per</em></strong></span> <span class='ocrx_word' id='word_1_326' title='bbox 813 3467 995 3520; x_wconf 80' lang='lat' dir='ltr'><strong>comp.</strong></span> <span class='ocrx_word' id='word_1_327' title='bbox 1024 3450 1093 3519; x_wconf 79' lang='lat' dir='ltr'><strong><em>F3</em></strong></span> <span class='ocrx_word' id='word_1_328' title='bbox 1135 3467 1272 3506; x_wconf 83' lang='lat' dir='ltr'>corr.</span> <span class='ocrx_word' id='word_1_329' title='bbox 1305 3451 1601 3505; x_wconf 74' lang='lat' dir='ltr'>TorelliuS.</span> <span class='ocrx_word' id='word_1_330' title='bbox 1713 3455 1762 3505; x_wconf 89' lang='grc'><strong><em>8.</em></strong></span> <span class='ocrx_word' id='word_1_331' title='bbox 1799 3451 1922 3520; x_wconf 75' lang='grc' dir='ltr'><strong><em>τᾶς]</em></strong></span> <span class='ocrx_word' id='word_1_332' title='bbox 1953 3471 2054 3533; x_wconf 75' lang='grc' dir='ltr'><strong><em>του</em></strong></span> <span class='ocrx_word' id='word_1_333' title='bbox 2083 3469 2184 3521; x_wconf 85' lang='lat' dir='ltr'><strong><em>per</em></strong></span> <span class='ocrx_word' id='word_1_334' title='bbox 2211 3469 2394 3522; x_wconf 83' lang='lat' dir='ltr'><strong>comp.</strong></span> 
     </span>
     <span class='ocr_line' id='line_1_36' title="bbox 360 3520 2396 3591; baseline 0 -15"><span class='ocrx_word' id='word_1_335' title='bbox 360 3521 421 3576; x_wconf 80' lang='lat' dir='ltr'><strong><em>F.</em></strong></span> <span class='ocrx_word' id='word_1_336' title='bbox 588 3529 636 3578; x_wconf 80' lang='lat'><strong><em>9.</em></strong></span> <span class='ocrx_word' id='word_1_337' title='bbox 676 3525 741 3577; x_wconf 91' lang='lat' dir='ltr'><strong><em>N</em></strong></span> <span class='ocrx_word' id='word_1_338' title='bbox 750 3523 869 3582; x_wconf 73' lang='grc' dir='ltr'><strong><em>ΗΞ</em></strong></span> <span class='ocrx_word' id='word_1_339' title='bbox 902 3522 1023 3577; x_wconf 86' lang='lat' dir='ltr'><strong><em>FV.</em></strong></span> <span class='ocrx_word' id='word_1_340' title='bbox 1191 3529 1274 3576; x_wconf 91' lang='lat'><strong><em>11.</em></strong></span> <span class='ocrx_word' id='word_1_341' title='bbox 1312 3525 1377 3575; x_wconf 92' lang='lat' dir='ltr'><strong><em>N</em></strong></span> <span class='ocrx_word' id='word_1_342' title='bbox 1409 3520 1585 3591; x_wconf 80' lang='grc' dir='ltr'><strong><em>τομὲα</em></strong></span> <span class='ocrx_word' id='word_1_343' title='bbox 1622 3522 1693 3589; x_wconf 86' lang='grc' dir='ltr'><strong><em>Β,</em></strong></span> <span class='ocrx_word' id='word_1_344' title='bbox 1743 3522 1826 3577; x_wconf 80' lang='lat' dir='ltr'><strong>ed..</strong></span> <span class='ocrx_word' id='word_1_345' title='bbox 1864 3521 2064 3591; x_wconf 60' lang='lat' dir='ltr'>Basa„</span> <span class='ocrx_word' id='word_1_346' title='bbox 2103 3521 2396 3578; x_wconf 81' lang='lat' dir='ltr'>Torellius.</span> 
     </span>
    </p>
   </div>
  </div>
 </body>
</html>
