2659 3967
369 197 499 262 126
1125 199 1301 249 ΠΕΡΙ
1335 195 1632 249 ΕΛῙΚῼΝ.

364 340 565 429 τέρου
609 345 884 428 χωρίου,
928 339 1005 408 τὸ
1057 337 1133 407 δὲ
1178 342 1450 427 πρῶτον
1495 342 1747 427 χωρίον
1793 337 1987 404 ἕκτον
2025 337 2224 425 μέρος
2261 335 2398 404 ἐστὶ

362 450 489 515 τοῦ
536 448 873 536 δευτέρου.

500 558 667 621 ἔστω
714 550 757 620 ἆ
804 553 1207 641 προκειμένα
1252 553 1388 632 ἕλιξ
1435 556 1510 620 ἔν
1554 577 1626 619 τε
1670 553 1752 640 τᾷ
1797 549 2029 641 πρώτᾳ
2065 554 2400 640 περιφορᾷ

364 660 789 749 γεγραμμένα
840 660 955 728 καὶ
1004 661 1078 728 έν
1122 663 1207 748 τᾷ
1254 658 1534 748 δευτέρα
1578 658 1690 724 καὶ
1738 660 1810 726 ἐν
1855 670 2003 737 ταῖς
2047 655 2402 743 ἑπομέναις

296 780 329 828 5
368 765 801 835 ὅποσαισοῦν.
859 770 1027 834 ἔστω
1057 764 1133 834 δὲ
1161 762 1332 854 ἀρχὰ
1362 765 1486 852 μὲν
1513 769 1635 845 τᾶς
1662 766 1879 843 ἕλικος
1903 761 1980 832 τὸ
2009 770 2070 832 Θ
2095 776 2397 850 σαμεῖον,

366 871 409 940 ἆ
448 873 525 942 δὲ
560 881 693 942 ΘΕ
733 871 971 942 εὐθεῖα
1019 870 1190 962 ἀρχὰ
1236 876 1356 952 τᾶς
1391 877 1779 962 περιφορᾶς.
1841 875 1980 940 τῶν
2019 870 2095 939 δὲ
2131 876 2400 961 χωρίων

365 985 532 1047 ἔστω
560 978 637 1047 τὸ
666 979 792 1067 μὲν
818 985 890 1046 Κ
911 977 989 1046 τὸ
1018 983 1309 1067 πρῶτον,
1338 979 1414 1046 τὸ
1446 978 1523 1047 δὲ
1550 986 1612 1046 A
1637 979 1715 1047 τὸ
1748 977 2087 1065 δεύτερον,
2115 977 2192 1046 τὸ
2225 977 2302 1046 δὲ
2319 984 2411 1045 Μ

363 1083 439 1154 τὸ
485 1090 737 1175 τρίτον,
781 1083 858 1153 τὸ
909 1084 985 1152 δὲ
1008 1091 1098 1154 Ν
1136 1084 1213 1154 τὸ
1258 1086 1598 1174 τέταρτον,
1643 1083 1720 1153 τὸ
1767 1084 1842 1152 δὲ
1879 1087 1940 1162 Ξ
1967 1082 2046 1152 τὸ
2083 1085 2397 1170 πέμπτον.

366 1193 694 1279 δεικτέον,
750 1189 855 1260 ὅτι
900 1191 978 1260 τὸ
1027 1192 1149 1279 μὲν
1195 1198 1267 1259 Κ
1307 1198 1560 1281 χωρίον
1608 1193 1801 1264 ἕκτον
1847 1193 2048 1281 μέρος
2093 1187 2231 1259 §avt
2275 1193 2398 1258 τοῦ

261 1311 328 1362 10
366 1299 728 1386 ἑπομένου,
781 1297 859 1367 τὸ
918 1297 997 1367 δὲ
1043 1305 1131 1366 Μ
1179 1301 1540 1367 διπλάσιον
1582 1302 1707 1367 τοῦ
1755 1305 1847 1384 A,
1901 1297 1978 1366 τὸ
2027 1295 2104 1365 δὲ
2149 1302 2227 1363 Ν
2262 1321 2400 1384 τρι-

362 1404 651 1473 πλάσιον
696 1409 819 1473 τοῦ
849 1412 942 1491 A,
987 1404 1099 1473 καὶ
1136 1405 1461 1491 *cdv-,5253
1497 1404 1628 1472 αἰεὶ
1666 1402 1742 1472 τὸ
1782 1401 2114 1489 ἑπόμενον
2156 1408 2398 1470 πολλα-

363 1511 651 1580 πλάσιον
694 1514 819 1579 τοῦ
867 1517 929 1577 A
974 1507 1139 1578 κατὰ
1186 1507 1346 1590 τοὺς
1391 1510 1541 1598 ἑξῆς
1587 1509 1942 1596 ἀριθμούς.

498 1615 602 1686 ὅτι
656 1614 780 1703 μὲν
836 1607 964 1684 οὖν
1018 1614 1095 1684 τὸ
1145 1623 1216 1684 Κ
1272 1616 1466 1684 ἕκτον
1511 1617 1714 1706 μέρος
1759 1614 1896 1684 ἐστὶ
1940 1617 2064 1683 τοῖ’
2113 1620 2207 1700 A,
2264 1604 2400 1707 ᾆδε

363 1722 722 1793 δεικνύται.
814 1723 955 1790 ἐπεὶ
1016 1721 1091 1790 τὸ
1158 1729 1230 1790 K
1236 1729 1301 1790 A
1363 1729 1615 1811 χωρίον
1678 1722 1829 1790 ποτὶ
1891 1720 2014 1790 τὸν
2079 1719 2398 1809 δεύτερον

258 1843 324 1891 15
1427 1828 1681 1898 κύκλον
1755 1833 2084 1897 δεδείκται
2149 1831 2399 1896 τοῦτον

828 1869 886 1901 Η

805 1896 892 2038 2⁷
1430 1941 1586 2023 ἔχον
1639 1933 1762 2005 τὸν
1820 1934 2062 2021 λόγον,
2121 1930 2204 2002 ὃν
2265 1938 2398 2022 ἔχει

796 2081 900 2142 H
978 2071 987 2076 ·
1427 2040 1510 2109 τὰ
1569 2040 1624 2122 ζ’
1681 2041 1832 2109 ποτὶ
1885 2040 1968 2108 τὰ
2029 2037 2160 2127 ιβ’,
2226 2037 2263 2108 ὁ
2321 2039 2397 2108 δὲ

598 2055 1113 2252 βλ
1430 2147 1742 2237 δεύτερος
1785 2147 2032 2227 κύκλος
2074 2147 2227 2214 ποτὶ
2273 2144 2397 2215 τὸν

842 2339 900 2396 o
1427 2257 1698 2341 πρῶτον
1769 2254 2052 2340 κύκλον,
2132 2249 2224 2334 ὥς
2298 2251 2394 2338 ιβ’

254 2372 325 2421 20

954 2341 1378 2711 sff
1427 2361 1580 2428 ποτὶ
1653 2359 1733 2428 τὰ
1800 2363 1892 2447 γ’·
1986 2363 2200 2446 δῆλον
2263 2357 2395 2446 γάρ

1429 2469 1636 2535 ἐστιν·
1712 2463 1748 2534 ὁ
1816 2467 1891 2535 δὲ
1954 2470 2216 2554 πρῶτος
2280 2464 2396 2533 κύ-

1264 2597 1273 2604 ·
1427 2579 1586 2654 κλος
1655 2573 1809 2642 ποτὶ
1869 2571 1947 2641 τὸ
2014 2578 2086 2639 Κ
2144 2577 2397 2661 χωρίον

1429 2685 1584 2767 ἔχει,
1632 2677 1723 2760 ὥς
1757 2678 1826 2766 γ’
1863 2679 2019 2748 ποτὶ
2060 2677 2154 2764 α’,
2204 2679 2397 2746 ἕκτον

360 2778 494 2870 ἄρα
568 2782 707 2850 ἐστὶ
776 2781 854 2851 τὸ
919 2789 985 2850 Κ
1050 2788 1301 2873 χωρίον
1364 2789 1489 2853 τοῦ
1554 2792 1633 2852 Λ.
1734 2784 1940 2854 πάλιν
2003 2783 2080 2853 δὲ
2141 2784 2253 2850 καὶ
2317 2782 2394 2851 τὸ

253 2900 322 2951 25
360 2893 429 2956 K
438 2894 500 2954 A
510 2894 601 2954 M
642 2893 892 2977 χωρίον
946 2890 1098 2957 ποτὶ
1151 2888 1275 2958 τὸν
1327 2895 1558 2979 τρίτον
1608 2889 1860 2958 κύκλον
1915 2893 2245 2958 δεδείκται
2293 2887 2398 2957 ὅτι

359 2997 605 3062 τοῦτον
658 2998 796 3080 ἔχει
848 3020 971 3064 τον
1027 2995 1265 3082 λόγον,
1323 2992 1407 3064 δν
1462 3001 1593 3084 ἔχει
1641 2995 2156 3085 συναμφότερον
2202 2995 2278 3065 τό
2326 3022 2398 3064 τε

359 3096 491 3166 ὑπὸ
538 3105 691 3183 ΓΘ,
748 3107 870 3168 ΘΒ
925 3101 1036 3169 καὶ
1091 3100 1167 3170 τὸ
1223 3107 1454 3191 τρίτον
1508 3104 1707 3192 μέρος
1761 3108 1882 3171 τοῦ
1927 3099 2059 3170 ἀπὸ
2109 3107 2226 3183 τᾶς
2269 3107 2393 3170 ΓΒ

504 3247 554 3297 3.
592 3261 947 3313 neonem-svm
983 3243 1045 3301 F.
1168 3249 1217 3299 5.
1257 3242 1348 3315 δέ]
1390 3243 1609 3312 ειᾶᾶίᾱίς
1649 3262 1756 3301 om.
1794 3244 1858 3312 F,
1891 3244 2085 3313 uulgo.
2213 3249 2295 3300 10.
2335 3245 2402 3298 N

359 3326 712 3403 τριπλάσιον]
745 3335 807 3386 H
818 3335 936 3386 ΓΠ
953 3330 1101 3388 FO*.
1196 3338 1280 3388 11.
1300 3336 1725 3389 παλλαπλασιον
1741 3334 1801 3388 F.
1886 3339 1973 3389 16.
1995 3331 2394 3457 b‘xovheoripsh

362 3420 514 3470 εχειν
553 3401 614 3473 F,
651 3403 841 3473 uulgo.
1030 3409 1114 3459 17.
1154 3423 1293 3470 προς
1329 3421 1434 3474 per
1469 3420 1649 3475 comp.
1687 3405 1757 3473 13⁸3
1805 3420 1946 3458 corr.
1987 3404 2130 3459 Tore
2179 3404 2292 3472 iun,
2329 3405 2397 3457 ut

359 3472 456 3526 lin.
485 3479 571 3529 23.
682 3480 769 3529 23.
809 3471 997 3546 ἕκτον]
1032 3471 1088 3532 ς’
1120 3471 1310 3542 FBO*;
1350 3477 1456 3529 καί
1484 3475 1559 3540 Δς
1600 3480 1721 3531 ἴσον
1749 3475 1835 3530 ed.
1865 3473 2058 3546 Basil„
2098 3475 2286 3544 uulgO.

359 3549 446 3599 24.
484 3545 557 3615 A]
601 3550 645 3599 A
681 3546 753 3614 Ἐς
791 3561 931 3603 corr.
969 3550 1036 3602 A.
1185 3551 1271 3601 27.
1312 3547 1477 3602 ΓΘΒ
1515 3545 1576 3615 F,
1612 3547 1800 3617 uulgo,
