2659 3967
563 184 660 239 DE
698 183 1109 240 PLANORUM
1141 183 1637 252 AEQUILIBRIIS
1675 188 1781 242 ete.
2067 185 2194 252 157

168 327 348 393 libus,
403 329 625 415 itaque
663 330 719 394 si
754 330 824 394 in
862 328 1140 414 singulis
1177 329 1472 414 partibus
1510 331 1720 396 lineae
1757 335 1820 395 A
1838 333 1918 395 Η
1945 333 2201 418 magni-

163 434 317 500 tudo
362 437 633 522 ponitur
678 437 1119 522 magnitudini
1166 440 1221 500 Z
1277 437 1569 522 aequalis
1630 441 1923 504 een-trum
1979 441 2198 523 graui-

161 541 315 605 tatis
351 541 423 607 in
450 544 663 610 medio
692 543 901 628 partis
928 543 1196 626 habens,
1234 564 1460 608 omnes
1491 543 1685 609 simul
1713 545 2198 630 magnitudines

161 648 596 732 magnitudini
667 655 732 714 A
804 649 1107 733 aequales
1188 652 1373 728 sunt,
1447 652 1514 714 et
1578 651 2048 736 magnitudinis
2122 673 2201 716 ex

162 754 459 820 omnibus
520 756 921 839 compositae
976 759 1269 823 centrum
1317 757 1663 841 grauitatis
1707 759 1837 824 erit
1862 760 2200 842 ’punctum

165 864 239 924 E.
318 883 477 926 nam
524 865 591 926 et
636 883 861 928 omnes
911 862 1107 927 simul
1153 884 1344 946 pares
1393 867 1548 928 sunt
1579 885 1874 948 numero,
1920 868 1986 930 et
2033 885 2198 948 quae

158 966 230 1030 in
264 969 541 1053 utraque
577 973 763 1052 parte
801 969 1027 1052 puncti
1062 972 1127 1033 E
1157 968 1416 1052 positae
1443 973 1627 1054 sunt,
1661 990 1934 1037 numero
1963 981 2198 1057 aequa-

164 1071 281 1155 les,
346 1075 511 1158 quia.
558 1079 707 1150 ,ΛΕ
736 1097 826 1151 ,=÷=
861 1078 1007 1140 HE
1068 1077 1237 1156 [tum
1280 1097 1367 1148 u.
1430 1097 1614 1160 prop.
1679 1077 1722 1142 5
1769 1078 2001 1148 001011.
2042 1079 2130 1160 2J.
2147 1077 2198 1164 ¹)

160 1178 463 1246 similiter
498 1179 1112 1265 demonstrabimus,
1150 1181 1349 1246 etiam
1391 1182 1446 1245 si
1482 1182 1551 1246 in
1589 1181 1865 1268 singulis
1879 1185 2202 1270 ,partibus

160 1283 365 1350 lineae
411 1291 572 1352 KH
621 1289 861 1369 [lineae
905 1290 985 1355 N
1024 1285 1431 1374 aequalibus]
1476 1289 1864 1374 magnitudo
1909 1293 2200 1376 aequalis

162 1393 597 1476 magnitudini
654 1398 707 1457 Z
766 1398 1051 1478 ponatur
1105 1397 1402 1459 centrum
1455 1396 1803 1480 grauitatis
1863 1396 1934 1463 in'
1987 1397 2200 1462 medio

159 1499 365 1578 partis
418 1499 702 1584 habens,
745 1500 1203 1566 omnes.simul
1242 1501 1726 1586 magnitudines
1764 1501 2204 1587 magnitudini

159 1605 218 1665 B
264 1606 573 1692 aequales
620 1610 831 1691 erunt,
878 1610 943 1671 et
990 1609 1285 1672 centrum
1330 1607 1684 1692 grauitatis
1731 1609 2201 1692 magnitudinis

161 1729 239 1772 ex
309 1712 615 1778 omnibus
690 1713 1089 1796 compositae
1156 1713 1283 1778 erit
1353 1716 1668 1798 punctum
1732 1718 1816 1778 A.
1827 1711 1880 1797 ²)
1979 1714 2204 1798 itaque

164 1819 544 1903 magnitudo
618 1825 684 1884 A
747 1821 818 1885 in
879 1824 944 1885 E
1004 1823 1250 1904 puncto
1313 1820 1534 1904 posita
1599 1821 1748 1904 erit,
1823 1821 2202 1904 magnitudo

164 1927 379 2004 autem
410 1931 467 1990 B
493 1925 565 1989 in
592 1929 677 1990 A.
723 1927 789 1988 et
817 1924 1301 2011 magnitudines
1332 1926 1652 2010 quaedam
1674 1925 1846 1990 inter
1874 1947 1942 1990 se
1971 1949 2202 2011 aequa-

164 2026 255 2093 les
292 2031 361 2096 in
406 2031 633 2096 eadem
680 2031 856 2097 linea
896 2034 1075 2097 recta
1120 2032 1373 2116 positae
1411 2036 1626 2115 erunt,
1673 2053 1946 2116 quarum
1984 2038 2206 2099 centra

170 2138 515 2220 grauitatis
555 2138 813 2224 aequali
852 2137 1067 2222 spatio
1104 2139 1279 2203 inter
1316 2160 1387 2203 se
1433 2138 1704 2224 distent,
1750 2159 1972 2204 omnes
2011 2140 2205 2206 simu]

168 2249 463 2329 sumptae
476 2242 529 2332 ³)
602 2267 871 2310 numero
946 2265 1154 2329 pares,
1266 2245 1537 2328 adparet
1609 2245 1840 2330 igitur,
1911 2249 2204 2312 centrum

168 2352 513 2430 grauitatis
578 2351 1050 2436 magnitudinis
1118 2373 1198 2416 ex
1262 2351 1564 2416 omnibus
1625 2355 2024 2437 compositae
2071 2371 2206 2421 'me-

170 2454 344 2523 dium
391 2459 534 2524 fore
578 2461 895 2543 punctum
943 2458 1155 2523 lineae
1202 2457 1359 2542 01113,
1403 2459 1474 2523 111
1520 2481 1648 2543 qua
1694 2463 1916 2525 centra
1953 2462 2204 2546 magni-

172 2563 471 2630 tudinum
515 2565 873 2630 mediarum
884 2562 941 2651 4)
990 2565 1209 2648 posita
1248 2566 1399 2631 sint.
1493 2568 1558 2631 et
1605 2565 1915 2651 quoniam
1960 2569 2024 2630 A
2034 2571 2098 2631 E
2118 2599 2202 2620 =

168 2671 313 2755 ΓΔ,
377 2675 443 2737 et
488 2674 622 2737 ΕΓ
660 2701 745 2724 --
794 2675 961 2756 ΛΚ,
1030 2671 1154 2735 erit
1216 2671 1424 2756 igitur
1485 2672 1684 2772 etiam
1725 2675 1888 2738 ’ΛΓ
1925 2703 2010 2726 =
2053 2677 2203 2738 ΓΚ.
2314 2667 2324 2674 “

171 2795 371 2857 quare
432 2777 899 2864 magnitudinis
958 2799 1037 2842 ex
1094 2777 1396 2846 omnibus
1453 2779 1853 2866 compositae
1911 2783 2203 2872 centrum

311 2988 366 3056 1)
402 2987 552 3042 Nam
590 2989 649 3042 et
686 3000 879 3043 omnes
916 2988 1295 3058 magnitudini
1335 2992 1377 3042 Z
1414 2988 1678 3057 aequales
1715 2991 1862 3058 sunt,
1899 2991 1960 3044 et
1999 2989 2203 3060 spatia,

174 3055 369 3122 quibus
408 3060 601 3112 centra
637 3057 697 3112 in
734 3060 932 3114 eadem
960 3060 1113 3116 linea
1140 3059 1327 3130 posita
1355 3059 1584 3129 distant,
1624 3059 1808 3116 lineae
1835 3064 1902 3116 N
1925 3062 2202 3132 aequaflia.

308 3148 361 3213 2)
398 3145 548 3201 Nam
596 3151 637 3201 Z
682 3148 911 3204 metitur
956 3148 1407 3218 magnitudinem
1444 3153 1515 3216 133
1561 3150 1685 3203 tum
1729 3167 1784 3204 u.
1831 3166 1993 3220 prop.
2031 3155 2063 3204 5
2112 3167 2203 3206 co—

176 3213 293 3272 1011.
334 3223 367 3270 2
406 3219 464 3272 et
501 3222 616 3274 not.
658 3226 707 3274 1.

308 3307 362 3374 3)
401 3306 635 3376 Uereor,
672 3324 742 3362 ne
780 3307 841 3362 in
878 3309 1049 3363 uerbo
1090 3309 1432 3378 συγκείμενα
1470 3307 1566 3360 1111.
1601 3313 1666 3362 16
1704 3307 1971 3364 mendum
2007 3309 2201 3364 lateat.

306 3395 484 3464 4).Ex
520 3410 678 3465 prop.
719 3401 750 3450 5
800 3396 995 3451 coroll.
1036 3403 1099 3464 23
1146 3413 1279 3450 nam
1324 3399 1598 3466 punctum
1636 3396 1887 3450 medium
1922 3396 2098 3451 totius
2135 3396 2203 3451 li-

172 3476 309 3542 neae
346 3467 539 3592 extra
573 3467 857 3535 iungentia
882 3467 1033 3522 idem
1062 3466 1311 3524 medium
1341 3470 1429 3522 est
1455 3467 1637 3522 lineae
1667 3469 1863 3522 centra
1889 3467 2204 3524 mediarum

169 3547 370 3606 langen
450 3580 461 3593 .
