2659 3967
460 181 595 246 304
912 153 1530 234 'rm'mrsemuoz
1567 146 2038 246 ΠᾼΡᾉΒΟΑΗΣ.

459 328 717 408 γωνίου
760 325 985 392 κώνου
1028 329 1253 411 τομᾶς.
1318 325 1523 392 πάλιν
1569 325 1710 394 ἐπεὶ
1755 324 1939 411 παρὰ
1971 325 2098 394 τὰν
2135 324 2510 412 διάμετρόν

462 432 643 497 ἐστιν
687 427 731 496 ἁ
772 437 931 516 ΔΕ,
977 431 1089 498 καὶ
1136 429 1269 498 ἀπὸ
1315 436 1440 500 τοῦ
1475 438 1541 500 Γ
1578 429 1622 499 ἆ
1659 438 1792 500 ΓΕ
1831 431 2026 500 ἄκται
2075 431 2510 514 ἐπιψαύουσα

1216 540 1336 617 τᾶς
1379 542 1503 606 τοῦ
1551 535 1984 625 ὀρθογωνίου
2025 537 2254 608 κώνου
2295 542 2511 625 τομᾶς

1216 641 1383 710 κατὰ
1429 642 1504 711 τὸ
1551 650 1630 729 Γ,
1683 642 1728 712 ἆ
1775 645 1853 714 δὲ
1899 653 1968 714 A
1975 651 2041 713 Γ
2077 644 2511 732 παράλληλος

1216 755 1299 839 τᾷ
1367 751 1535 819 κατὰ
1595 751 1673 819 τὸ
1735 759 1794 820 Β
1859 751 2314 840 ἐπιψαυούσᾳ,
2395 757 2510 818 ἴσα

1218 857 1401 926 ἐστὶν
1463 856 1506 926 ἆ
1567 865 1694 932 ΕΒ
1758 863 1841 949 τᾷ
1901 867 2059 927 ΒΔ.
2148 856 2318 925 ὥστε
2383 854 2512 924 τὸν

1219 962 1430 1031 αὐτὸν
1475 969 1608 1053 ἔχει
1651 965 1860 1052 λόγον
1905 964 1949 1033 ἆ
1986 973 2132 1034 ΑΔ
2175 963 2330 1032 ποτὶ
2377 961 2512 1030 τάν

1220 1078 1375 1158 ΔΓ,
1431 1069 1516 1141 ὃν
1559 1071 1604 1140 ἆ
1653 1081 1786 1141 ΔΒ
1831 1073 1985 1140 ποτὶ
2031 1070 2158 1140 τὰν
2201 1077 2350 1138 ΒΕ.
2455 1073 2516 1136 εἰ

1218 1177 1342 1263 μὲν
1411 1171 1539 1246 οὖν
1602 1182 1757 1267 δίχα
1817 1180 2040 1266 τέμνει
2104 1175 2148 1244 ἆ
2212 1175 2516 1264 ἀχθεῖσα

1218 1281 1346 1352 τάν
1371 1290 1526 1369 ΑΓ,
1555 1289 1911 1354 δεδείκται·
1963 1289 2024 1353 εἰ
2049 1284 2128 1354 δὲ
2154 1282 2268 1370 μή,
2308 1282 2513 1369 ἅχθω

1216 1416 1316 1470 τις
1388 1387 1559 1458 ἄλλα
1621 1389 1666 1457 ἆ
1721 1399 1791 1460 Κ
1799 1399 1862 1459 Λ
1924 1390 2103 1480 παρὰ
2168 1389 2295 1458 τὰν
2357 1399 2430 1456 Α
2441 1397 2514 1456 Ζ.

1218 1498 1518 1565 δεικτέον
1573 1489 1734 1584 οὖν,
1793 1496 1898 1566 ὅτι
1941 1497 2065 1566 τὸν
2111 1495 2326 1564 αὐτὸν
2372 1501 2514 1584 ἔχει

1216 1601 1426 1688 λόγον
1480 1603 1524 1670 ἁ
1568 1611 1709 1672 ΑΚ
1751 1605 1904 1672 ποτὶ
1945 1601 2071 1672 τὰν
2116 1609 2273 1688 ΚΓ,
2332 1599 2420 1670 ὃν
2471 1599 2514 1668 ἆ

1217 1716 1353 1778 ΚΘ
1405 1711 1556 1779 ποτὶ
1610 1709 1738 1779 τὰν
1784 1717 1931 1778 ΘΛ.
2024 1709 2166 1778 ἐπεὶ
2209 1706 2344 1796 γὰρ
2393 1715 2514 1776 ἴσα

1217 1817 1402 1885 ἐστὶν
1447 1814 1490 1883 ἆ
1536 1825 1672 1885 ΒΕ
1708 1822 1792 1907 τᾷ
1838 1825 1997 1902 ΒΔ,
2045 1824 2159 1884 ἴσα
2205 1815 2348 1884 ἐστὶ
2393 1816 2514 1882 καὶ

463 1921 507 1990 ἁ
544 1931 659 1991 ΙΛ
704 1913 787 2014 vce·
824 1931 960 1992 KI.
1028 1923 1152 1992 τὸν
1198 1922 1410 1992 αὐτὸν
1457 1920 1591 2010 ἄρα
1635 1921 1844 2009 λόγον
1891 1927 2022 2010 ἔχει
2073 1918 2118 1988 ἁ
2163 1929 2306 1990 ΚΛ
2353 1923 2514 1990 ποτὶ

462 2029 589 2098 τάν
615 2038 764 2116 ΚΙ,
812 2027 897 2099 ὃν
931 2028 975 2098 ἁ
1007 2036 1145 2098 ΑΓ
1173 2031 1325 2098 ποτὶ
1353 2027 1476 2097 τὰν
1505 2037 1664 2096 ΔΑ.
1728 2033 1861 2118 ἔχει
1890 2029 1966 2099 δὲ
1989 2029 2106 2098 καὶ
2132 2027 2176 2096 ἁ
2207 2035 2334 2098 KI
2355 2031 2512 2097 ποτὶ

462 2135 589 2204 τὰν
643 2141 777 2204 ΚΘ
831 2135 955 2205 τὸν
1010 2136 1220 2204 αὐτὸν
1269 2136 1509 2222 λόγον,
1567 2133 1652 2203 ὃν
1697 2134 1740 2204 ἆ
1789 2144 1932 2203 ΔΛ
1973 2135 2128 2204 ποτὶ
2171 2134 2298 2204 τὰν
2348 2143 2512 2204 ΑΚ.

465 2246 795 2310 δεδείκται
840 2240 972 2331 γὰρ
1018 2246 1093 2311 ἐν
1128 2247 1221 2336 τῷ
1258 2241 1606 2330 πρότερον.
1679 2239 1848 2310 ὥστε
1883 2240 2007 2310 τὸν
2043 2240 2257 2311 αὐτὸν
2295 2241 2511 2329 λόγον

224 2325 231 2333 ’
356 2351 427 2400 20
466 2351 599 2434 ἔχει
654 2345 699 2414 ἆ
756 2354 884 2416 ΚΘ
934 2348 1087 2416 ποτὶ
1144 2347 1271 2415 τὰν
1315 2354 1476 2432 ΘΛ,
1537 2343 1621 2415 ὃν
1679 2344 1721 2414 ἆ
1772 2355 1915 2416 ΑΚ
1966 2347 2118 2416 ποτὶ
2171 2345 2299 2415 τὰν
2358 2355 2511 2417 ΚΓ.

465 2457 792 2520 δεδείκται
840 2445 967 2521 οὖν
1010 2451 1088 2520 τὸ
1136 2455 1485 2541 προτεθέν.

1437 2648 1525 2720 ς’.

598 2778 921 2842 Νοείσθω
979 2771 1065 2860 δὴ
1120 2773 1197 2840 τό
1252 2799 1322 2840 τε
1372 2775 1582 2856 [ἐστιν
1630 2770 1738 2858 τό]
1789 2775 1862 2841 ἐν
1906 2777 1988 2861 τᾷ
2033 2779 2298 2863 θεωρίᾳ
2343 2797 2510 2862 προ-

462 2885 773 2966 κείμενον
805 2876 1211 2967 [ὁρώμενον]
1243 2882 1561 2947 ἐπίπεδον
1590 2878 1813 2968 ὀρθὸν
1839 2879 1990 2947 ποτὶ
2017 2878 2141 2947 τὸν
2167 2877 2510 2966 ὁρίζοντα,

359 2986 579 3060 25Ϊκαὶ
624 2989 749 3064 τοῖς
785 2992 850 3050 Α
856 2991 915 3052 Β
962 2989 1271 3072 γραμμᾶς
1318 2985 1593 3072 [ἔπειτα]
1641 2982 1724 3053 τὰ
1770 2985 1894 3072 μὲν
1941 2985 2048 3053 ἐπὶ
2083 2982 2164 3052 τὰ
2200 2983 2380 3052 αὐτὰ
2419 2991 2510 3079 τῷ

467 3099 535 3158 Δ
578 3089 758 3157 κάτω
804 3095 1123 3176 νοείσθω,
1170 3089 1251 3158 τὰ
1300 3090 1376 3158 δὲ
1413 3091 1518 3158 ἐπὶ
1554 3090 1812 3180 θάτερα
1849 3089 2010 3160 ἅνω.
2073 3089 2151 3160 τὸ
2191 3091 2267 3160 δὲ
2295 3099 2448 3160 ΒΔ
2457 3098 2518 3160 Γ

464 3202 801 3285 τρίγωνον
857 3201 1025 3264 ἔστω
1082 3194 1517 3286 ὀρθογώνιον
1571 3195 1795 3284 ὀρθὰν
1841 3203 1996 3285 ἔχον
2040 3196 2166 3265 τὰν
2211 3198 2367 3266 ποτὶ
2419 3203 2512 3292 τῷ

465 3310 524 3370 Β
577 3308 837 3389 γωνίαν
886 3303 1001 3370 καὶ
1044 3303 1173 3371 τὰν
1216 3309 1352 3371 ΒΓ
1387 3303 1686 3391 πλευρὰν
1731 3310 1888 3372 ἴσαν
1931 3308 2015 3392 τᾷ
2063 3302 2335 3394 ἡμισείᾳ
2383 3310 2511 3375 τοῦ

614 3470 695 3520 13.
734 3460 841 3518 τὰν
868 3463 1015 3534 ΚΓ]
1053 3481 1152 3517 τον
1190 3465 1418 3532 (comp.)
1447 3468 1566 3518 ΚΓ
1595 3464 1664 3531 F3
1704 3479 1841 3518 corr.
1874 3463 2170 3519 TorelliuS.
2283 3469 2368 3518 14.
2413 3484 2510 3534 ιση

466 3532 537 3600 Ἐς
574 3550 711 3590 corr.
752 3533 1047 3602 TorelliuS,
1084 3535 1149 3587 ut
1183 3533 1281 3588 lin.
1324 3540 1406 3587 15.
1570 3541 1652 3589 16.
1691 3529 1729 3588 ἆ
1767 3534 1904 3605 ΚΛ]
1944 3550 2052 3590 om.
2091 3536 2164 3602 Ἐς
2212 3551 2352 3591 corr.
2397 3537 2510 3593 To·
