2659 3967
430 173 561 237 112
1194 177 1376 228 ΠΕΡΙ
1407 176 1705 230 ΕΛΙΚῼΝ.

428 306 557 384 οὖν
602 314 813 404 λόγον
859 320 993 403 ἔχει
1040 313 1077 384 6
1115 325 1181 384 A
1190 325 1333 387 ZH
1336 326 1383 386 I
1419 316 1665 398 κύκλος
1707 319 1861 388 ποτὶ
1906 317 1984 386 τὸ
2029 340 2459 406 περιγεγραμ-

428 424 636 510 μένον
700 427 921 510 σχῆμα
983 418 1027 510 ἢ
1092 425 1245 493 ποτὶ
1302 423 1427 492 τὸν
1484 442 1520 497 Q
1575 427 1844 494 κύκλον.
1935 423 2105 494 ὥστε
2160 423 2460 493 ἐλάσσων

431 529 613 598 ἐστὶν
661 526 698 597 6
726 546 785 601 -Q
829 529 1075 610 κύκλος
1106 533 1234 598 τοῦ
1268 533 1888 620 περιγεγραμμένου
1923 531 2274 619 σχήματος.
2337 529 2463 600 οὐκ

432 639 570 706 ἐστι
619 635 725 723 δέ,
772 634 943 705 ἀλλὰ
991 643 1251 723 μείζων.
1330 635 1459 706 οὐκ
1503 636 1637 726 ἄρα
1682 643 1921 724 μείζων
1967 639 2152 707 ἐστὶν
2198 635 2234 706 6
2273 654 2312 709 Q
2345 636 2463 706 κύ-

358 757 391 807 5
428 751 587 824 κλος
620 746 744 812 τοῦ
781 748 1035 830 χωρίου
1068 746 1195 812 τοῦ
1220 745 1698 832 περιεχομένου
1723 742 1856 814 ὑπό
1883 769 1956 813 τε
1981 748 2102 825 τοῖς
2127 751 2468 814 ΑΒΓΔΕ

432 853 646 931 ἕλικος
690 850 805 918 καὶ
848 853 966 930 τᾶς
1010 857 1149 918 ΛΕ
1188 847 1478 931 εὐθείας.
1957 833 1966 850 Q
2015 856 2022 862 ’

568 954 732 1026 οὐδὲ
766 962 1005 1026 τοίνυν
1043 956 1366 1027 ἐλάσσων.
1433 962 1601 1025 ἔστω
1637 956 1792 1045 γάρ,
1831 962 1894 1026 εἰ
1925 958 2246 1044 δυνατόν,
2284 957 2466 1028 ἐλάσ-

1395 1083 1556 1133 σων.
1591 1063 1798 1132 πάλιν
1814 1056 1945 1133 οὐν
1965 1064 2262 1134 ’δυνατόν
2284 1068 2464 1134 ἐστιν

1394 1175 1491 1251 είς
1542 1169 1620 1239 τὸ
1665 1176 1918 1260 χωρίον
1961 1170 2038 1240 τὸ
2085 1172 2464 1260 περιεχόμε-

1393 1305 1522 1346 νον
1581 1276 1718 1347 ὑπό
1781 1304 1854 1346 τε
1911 1282 2031 1357 τᾶς
2083 1282 2301 1359 ἕλικος
2352 1280 2464 1347 καὶ

1395 1388 1516 1465 τοῖς
1587 1394 1653 1453 A
1662 1393 1727 1452 E
1791 1382 2066 1465 εὐθείας
2135 1386 2465 1474 ἐγγράψαι

1399 1497 1620 1580 σχῆμα
1669 1493 1985 1560 ἐπίπεδον
2030 1488 2164 1562 ὑπὸ
2212 1490 2465 1579 ὁμοίων

1346 1598 1371 1629 ”
1395 1600 1656 1686 τομέων
1694 1605 2154 1685 συγκείμενον,
2193 1595 2362 1666 ὥστε
2387 1597 2465 1666 τὸ

1395 1703 1874 1793 περιεχόμενον
1922 1710 2172 1794 χωρίον
2217 1689 2352 1773 ὖαὶό
2395 1731 2468 1772 τε

1394 1816 1517 1891 τᾶς
1549 1819 1893 1880 ΑΒΓΔΕ
1935 1814 2151 1892 ἕλικος
2192 1812 2306 1879 καὶ
2351 1815 2471 1891 τᾶς

1397 1927 1463 1986 Α
1476 1926 1539 1986 Ε
1624 1917 1900 2009 εὐθείας
1979 1925 2202 2006 μεῖζον
2284 1915 2469 2005 εἶμεν

1396 2029 1520 2094 τοῦ
1559 2026 2102 2115 ἐγγεγραμμένου
2139 2027 2473 2112 σχήματος

1398 2130 1744 2218 ἐλάσσονι,
1810 2128 1851 2219 ἢ
1919 2123 1973 2224 ᾦ
2031 2128 2336 2220 ὑπερέχει
2391 2130 2468 2199 τὸ

1397 2237 1562 2308 αὐτὸ
1625 2244 1876 2327 χωρίον
1929 2240 2055 2306 τοῦ
2111 2254 2148 2309 (ἢ
2201 2237 2473 2306 κύκλου.

1400 2346 1844 2433 ἐγγεγράφθω
1907 2336 2038 2414 οὐν
2051 2395 2070 2430 ,
2133 2345 2248 2411 καὶ
2303 2349 2472 2413 ἔστω

1396 2454 1537 2520 τῶν
1573 2452 1854 2539 τομέωυ,
1893 2453 1960 2533 ἐξ
1997 2443 2098 2520 ὧν
2135 2457 2474 2538 συγκείται

1398 2559 1474 2626 τὸ
1515 2560 2056 2646 ἐγγεγραμμένον
2081 2562 2326 2646 σκῆμα,
2364 2559 2477 2644 με’-

1398 2685 1626 2750 γιστος
1685 2664 1809 2752 μὲν
1865 2662 1901 2733 6
1961 2669 2097 2732 ΘΚ
2105 2671 2165 2732 Ρ
2209 2663 2476 2752 τομεύς,

442 2772 784 2860 ἐλάχιστος
839 2771 916 2841 δὲ
970 2769 1009 2842 6
1057 2778 1269 2839 ΘΕΟ.
1363 2775 1577 2857 δῆλον
1633 2763 1791 2858 οὖν,
1850 2769 1953 2840 ὅτι
1997 2769 2074 2840 τὸ
2121 2772 2481 2860 ἐγγεγραμ-

336 2893 403 2942 25
442 2881 649 2966 μένον
695 2883 915 2967 σχῆμα
960 2877 1188 2966 μεῖζόν
1234 2880 1373 2946 ἐστι
1416 2881 1540 2946 τοῦ
1589 2895 1625 2948 Q
1671 2877 1941 2946 κύκλου.
2016 2877 2482 2966 ἐκβεβλήσθω-

444 3006 571 3054 σαν
619 2989 693 3052 ac
734 2984 1051 3054 ποιούσαι
1099 2993 1247 3064 ἴσας
1291 2989 1542 3071 γωνίας
1579 2984 1731 3051 ποτὶ
1767 2987 1859 3076 τῷ
1899 2992 1976 3070 Θ,
2024 2981 2157 3052 ἔστ’
2199 2981 2288 3052 ἄν
2325 2985 2483 3052 ποτὶ

440 3090 568 3160 τὰν
613 3095 736 3159 τοῦ
780 3090 1035 3160 κύκλου
1078 3093 1512 3180 περιφέρειαν
1547 3094 1856 3160 πεσῶντι.
1929 3091 2134 3159 πάλιν
2173 3083 2302 3158 οὐν
2341 3092 2492 3158 ἐντί

441 3223 617 3277 τινες
674 3197 972 3285 γραμμαὶ
1030 3201 1124 3292 τῷ
1182 3205 1305 3290 ἴσῳ
1363 3195 1662 3265 ἀλλάλαν
1715 3193 2162 3285 ὖπερεχούσαι
2217 3199 2293 3262 αἱ
2343 3193 2481 3263 άπὸ

442 3307 567 3374 τοῦ
612 3311 671 3372 Θ
714 3303 867 3371 ποτὶ
912 3302 1036 3372 τὰν
1084 3307 1269 3373 ἕλικα
1313 3303 1853 3390 ποτιπιπτούσαι,
1899 3295 1989 3370 ἇν
2034 3307 2310 3390 μεγίστα
2355 3301 2484 3388 μὲν

444 3409 487 3478 ἆ
536 3417 698 3495 ΘΑ,
753 3412 1063 3498 ἐλαχίστα
1118 3410 1194 3479 δὲ
1240 3409 1283 3478 ἁ
1332 3419 1476 3480 ΘΕ.
1570 3411 1710 3480 ἐντὶ
1755 3399 1833 3480 δὲ
1876 3410 1988 3478 καὶ
2033 3407 2232 3478 ὅὲλλαι
2277 3435 2489 3498 γραμ-

481 3514 548 3520 —
590 3513 874 3605 ’Is—ihsF.
1020 3541 1106 3593 23.
1148 3537 1339 3607 ΘΚΡ]
1377 3553 1548 3607 supra.
1583 3536 1856 3606 scriptum
1891 3538 1951 3589 X
1980 3551 2180 3604 manu,
2225 3535 2291 3589 ut
2325 3533 2488 3589 uide·
