2659 3967
800 195 897 249 DE
934 193 1179 250 LINEIS
1217 192 1662 250 SPIR'ALIBUS.
2159 195 2246 260 93

209 346 539 410 sectorum
596 343 1054 427 unusquisque·
1090 363 1344 427 eorum,
1400 342 1511 427 qui
1561 343 1634 408 in
1675 343 1886 427 figura
1930 341 2247 426 inscripta

208 453 377 533 suut,
414 449 712 533 aequalis
746 453 850 514 est
878 449 1113 514 sectori
1138 449 1312 514 latus
1343 470 1682 514 commune
1707 448 1978 514 habenti
2005 470 2248 531 eorum,

206 556 317 640 qui
350 555 425 621 in
461 557 679 641 figura
716 557 1203 642 circumscripta
1241 559 1413 622 sunt.
1487 556 1757 640 adparet
1789 556 2011 640 igitur,
2048 555 2248 620 etiam

206 685 436 728 omnes
484 667 778 730 sectores
820 665 1127 730 omnibus
1172 663 1481 748 aequales
1526 663 1698 728 fore·
1770 662 1992 746 itaque
2035 661 2251 746 figura

205 770 423 852 spatio
500 771 825 856 inscripta
900 771 1190 855 aequalis-
1252 774 1354 835 est
1415 770 1663 856 figurae
1727 768 2250 853 circumscriptae

205 879 471 960 praeter
522 880 841 952 sectorem
879 881 1010 942 ΘΛ
1018 881 1101 942 Κ.
1173 877 1282 941 hic
1324 877 1502 942 enim
1549 877 1726 941 solus
1770 897 1904 941 non
1949 875 2250 959 adsump-

202 985 310 1048 tus
390 987 501 1048 est
572 1004 825 1066 eorum,
900 983 1012 1067 qui
1084 984 1154 1049 in
1230 984 1446 1074 figura
1517 981 2008 1067 circumscripte.
2081 986 2252 1047 sunt.

207 1088 489 1172 adparet
542 1089 777 1174 igitur,
841 1089 1125 1174 figuram
1179 1090 1736 1173 circumscriptam
1792 1089 2095 1154 excedere
2147 1089 2248 1154 in*

206 1195 532 1280 scriptam
599 1199 848 1262 sectore
911 1203 978 1260 A
987 1201 1057 1262 K
1062 1201 1145 1280 Θ,
1206 1198 1322 1281 qui
1387 1197 1598 1261 minor
1661 1199 1784 1261 est‘
1826 1196 2040 1279 spatio
2097 1194 2250 1260 dato

206 1303 310 1380 [ex
354 1301 768 1386 hypothesi}
850 1355 856 1362 .

970 1455 1512 1513 COROLLARIUM.

25 1613 28 1710 1
343 1565 525 1632 Hinc
574 1571 792 1660 autem
838 1567 1253 1633 manifestum
1306 1571 1424 1652 est,
1469 1567 1610 1632 fieri
1645 1589 1868 1665 posse,
1901 1571 1977 1631 ut
2013 1567 2250 1632 circum

25 1717 28 1754 ξ
212 1673 525 1758 spatium,
564 1673 737 1758 quod
776 1673 1453 1764 commemorauimUS,
1493 1673 1704 1758 figura
1739 1653 2111 1737 huiusmodi
2149 1671 2252 1736 de-

27 1781 28 1798 ¹
216 1779 564 1864 scribatur,
612 1780 707 1844 ita
751 1783 826 1843 ut
870 1779 1083 1866 figura
1129 1779 1620 1868 circumscripta
1665 1777 1946 1862 spatium
1992 1777 2253 1842 excedat

218 1884 436 1966 spatio
485 1885 757 1968 minore,
805 1908 1001 1970 quam
1048 1889 1148 1977 est
1186 1885 1523 1970 quodlibet
1570 1882 1854 1969 spatium
1900 1881 2142 1966 datum,
2189 1885 2254 1946 et

216 2010 443 2056 rursus
480 1991 895 2074 inscribatur,
932 1993 1027 2056 ita
1063 1985 1141 2057 ut
1176 1993 1462 2076 spatium
1503 1990 1728 2056 eodem
1756 1990 1948 2054 modo
1975 1988 2254 2076 figuram

215 2094 605 2181 inscriptam
652 2097 918 2162 excedat
963 2098 1176 2181 spatio
1223 2099 1492 2182 minore,
1537 2119 1732 2181 quam
1781 2100 1882 2161 est
1918 2097 2256 2180 quodlibet

217 2199 451 2268 datum
499 2203 801 2287 spatium.
816 2201 867 2288 1)

1140 2361 1350 2428 XXII.

356 2485 634 2571 Sumpto
674 2487 887 2570 spatio
928 2486 1392 2570 comprehenso
1429 2487 1655 2571 spirali
1684 2488 1964 2552 secunda
1990 2488 2256 2552 circum-

222 2592 483 2658 actione
548 2593 879 2678 descripta
943 2595 1008 2657 et
1070 2592 1243 2657 linea
1307 2593 1586 2658 secunda
1649 2616 1897 2676 earum,
1962 2615 2124 2678 quae
2187 2595 2255 2658 in

223 2698 548 2783 principio
604 2698 1121 2765 circumactionis
1170 2704 1350 2786 sunt,
1409 2699 1552 2765 fieri
1597 2703 1843 2785 potest,
1897 2703 1972 2764 ut
2016 2700 2258 2765 circum

224 2801 291 2866 id
350 2805 698 2887 [spatium]
758 2805 971 2890 figura
1015 2806 1215 2889 plana
1261 2807 1828 2872 circumscribatur
1873 2809 1940 2870 et
1987 2807 2116 2870 alia
2161 2806 2258 2870 in-

230 2911 553 2974 scribatur
608 2933 687 2974 ex
744 2910 1067 2976 similibus
1130 2912 1488 2978 sectoribus
1545 2911 1969 2996 compositae,
2034 2913 2130 2977 ita
2184 2917 2260 2978 ut

226 3013 441 3099 figura
487 3016 974 3100 circumscripta
1020 3017 1287 3082 excedat
1320 3019 1704 3101 inscriptam
1741 3017 1954 3101 spatio
1993 3019 2261 3103 minore,

230 3143 423 3206 quam
462 3126 565 3187 est
608 3121 949 3207 quodlibet
993 3121 1217 3187 datum
1265 3123 1566 3206 spatium.

375 3283 427 3348 1)
454 3280 615 3404 Nam
654 3279 899 3349 spatium
926 3279 1107 3333 maius
1138 3281 1224 3334 est
1250 3281 1432 3350 figura
1458 3281 1746 3350 inscripta,
1783 3281 1970 3336 minus
1997 3297 2130 3336 uero
2161 3283 2266 3336 cir·

234 3350 508 3419 cumscrip

234 3490 409 3545 comp.
449 3495 521 3562 ην
561 3478 659 3530 uel
698 3495 753 3529 w
789 3475 851 3530 F.
984 3481 1066 3529 16.
1105 3477 1231 3544 μειζ
1266 3491 1391 3530 cum
1431 3493 1609 3546 comp.
1649 3495 1730 3531 ων
1765 3477 1826 3530 F.
1957 3481 2039 3530 19.
2079 3473 2164 3545 κγ’
2201 3477 2262 3533 F.

236 3549 318 3600 20.
355 3542 470 3601 υπό
509 3565 568 3600 τε
608 3547 671 3616 Β,
710 3546 1003 3602 Torellius.
