2659 3967
376 180 506 245 358
543 236 550 239 ,
797 183 973 233 ΠΕΡΙ
1008 180 1156 233 ΤΩΝ
1193 181 1415 234 ΤΔΑΤΙ
1450 182 1999 239 ΕΦΙΣΤΑΜΕΝΩΝ.

375 320 483 409 ἐφ’
536 320 703 392 ὅσον
739 326 1070 392 τοσοῦτον
1105 326 1229 390 τοῦ
1265 318 1484 412 ὑγροῦ
1522 319 1752 409 ὄγκον,
1792 320 1953 403 ὅσος
1990 324 2173 392 ἐστὶν
2212 321 2251 393 ὁ
2290 330 2421 395 τοῦ

373 425 865 515 βαπτισθέντος
877 430 1174 518 ’μέρους,
1222 432 1533 517 ίσοβαρεῖ
1573 424 1749 497 εἶναι
1792 432 1885 521 τῷ
1935 427 2070 522 ὅλῳ
2116 432 2416 518 μεγέθει.

1352 625 1435 696 ς’.

512 748 608 818 Τὰ
665 746 916 840 στερεὰ
985 747 1204 839 ὑγροῦ
1269 750 1649 840 κουφότερα
1712 756 1828 841 βίᾳ
1892 755 1986 830 εἰς
2049 748 2127 819 τὸ
2194 746 2418 839 ὑγρὸν

302 867 336 917 5
370 858 734 925 πιεσθέντα
781 856 1273 943 ἐπανιστάμενα
1309 858 1632 945 φέρονται
1670 857 1778 925 ἐπὶ
1812 854 1896 924 τὰ
1931 855 2077 926 ἅνω
2115 856 2419 948 τοσαύτῃ

371 963 686 1050 δυνάμει,
743 962 880 1055 ὅσῳ
926 962 1002 1031 τὸ
1050 960 1266 1051 ὑγρὸν
1313 965 1702 1051 ἰσομέγεθες
1744 968 1837 1056 τῷ
1884 966 2156 1051 μεγέθει
2202 965 2421 1053 βαρύ-

369 1069 570 1158 τερόν
617 1072 755 1137 ἐστι
799 1072 922 1138 τοῦ
969 1070 1319 1156 μεγέθους.

512 1386 608 1456 Τὰ
662 1389 996 1479 βαρύτερα
1049 1394 1173 1457 τοῦ
1228 1388 1445 1479 ὑγροῦ
1491 1388 1724 1479 στερεὰ
1771 1391 2141 1477 καθειμένα
2188 1396 2285 1471 εἰς
2330 1392 2403 1461 τὶ

264 1506 330 1556 10
368 1491 585 1583 ὑγρὸν
622 1495 1017 1582 οἰσθήσεται
1053 1488 1255 1583 κάτω,
1294 1498 1419 1577 ἕως
1457 1486 1541 1565 οὗ
1568 1501 2044 1584 καταβαίνωσι,
2080 1498 2194 1565 καὶ
2222 1502 2417 1567 ἔσται

362 1602 663 1695 τοσούτῳ
718 1603 1100 1691 κουφότερα
1148 1605 1221 1672 ἐν
1265 1607 1359 1695 τῷ
1405 1599 1622 1694 ὑγρῷ,
1681 1600 1849 1671 ὅσον
1895 1607 2027 1691 ἔχει
2072 1602 2149 1672 τὸ
2196 1604 2417 1693 βάρος

361 1708 438 1777 τὸ
485 1706 700 1797 ὑγρὸν
746 1712 1134 1798 ἰσομέγεθες
1179 1714 1269 1802 τῷ
1319 1712 1563 1800 στερεῷ
1611 1710 1899 1795 μεγέθει.

959 1909 1246 1992 Λῆμμα
1291 1899 1335 1991 ἢ
1382 1901 1791 1985 ὑπόθεσις.

485 2026 898 2098 ’Τποκείσθω
944 2032 1084 2097 τῶν
1131 2030 1205 2096 έν
1249 2025 1437 2120 ὑγρῷ
1486 2026 1628 2097 ἅνω
1675 2030 2073 2118 φερομένων
2116 2030 2408 2099 ἕκαστον

259 2146 325 2197 15
363 2136 506 2204 ἄνω
555 2136 883 2222 φέρεσθαι
920 2134 1085 2203 κατὰ
1133 2133 1449 2219 κάθετον,
1495 2132 1639 2220 ἥτις
1686 2137 1757 2203 ἐκ
1796 2138 1920 2203 τοῦ
1956 2136 2240 2225 κέντρου
2278 2141 2409 2205 τοῦ

361 2242 614 2330 βάρους
660 2238 887 2310 αὐτῶν
933 2241 1345 2328 ἐκβάλλεται.

1111 2435 1497 2525 Θεώρήμα
1540 2435 1632 2523 η’.
1786 2528 1793 2533 ὁ

489 2558 648 2630 Ἐὰν
722 2564 1010 2650 στερεῶν
1082 2585 1147 2627 τι
1210 2561 1495 2647 μέγεθος
1557 2563 1712 2648 ἔχον
1773 2550 1999 2649 σχῆμα
2062 2562 2411 2650 τμήματος

362 2674 655 2758 σφαίρας
708 2671 804 2747 εἰς
852 2665 928 2735 τὸ
973 2664 1191 2756 ὑγρὸν
1233 2671 1584 2754 καθιῆται,
1641 2664 1811 2734 ὥστε
1854 2666 1980 2754 τὴν
2024 2666 2231 2754 βάσιν
2278 2674 2407 2739 τοί

253 2787 324 2836 20
361 2774 697 2862 τμήματος
753 2772 843 2862 μὴ
901 2771 1231 2842 ἅπτεσθαι
1277 2777 1401 2842 τοῦ
1445 2770 1693 2862 ὑγροῦ,
1749 2772 1825 2841 τὸ
1876 2778 2097 2861 σχῆμα
2144 2777 2409 2843 ἐπιστα-

360 2884 641 2970 θήσεται
697 2878 949 2969 ὀρθόν,
1006 2878 1176 2950 ὥστε
1229 2879 1350 2947 τὸν
1404 2876 1613 2961 ἄξονα
1667 2882 1792 2947 τοῦ
1812 2879 2185 2967 ·τμήματος
2229 2882 2406 2951 κατὰ

359 2988 657 3056 κάθετον
704 2984 894 3055 εἶναι.
959 2992 1078 3055 καί
1101 3040 1116 3055 .
1151 3039 1166 3055 .
1196 3038 1212 3055 .
1241 3039 1258 3055 .

507 3172 558 3222 2.
598 3163 872 3238 ἰσοβαρῆῗ
1003 3169 1084 3220 16.
1125 3158 1330 3235 βάρεος
1368 3180 1403 3218 a
1434 3165 1507 3218 et·
1532 3163 1571 3217 b
1608 3180 1778 3219 manu
1821 3170 1866 3219 1.
2009 3170 2092 3223 18.
2132 3164 2413 3237 στερεόνῗ

366 3243 453 3292 22.
489 3237 596 3291 καί
627 3253 736 3291 om.
777 3251 825 3291 a.
