2659 3967
854 192 950 247 DE
988 190 1229 248 mes
1267 191 1713 250 SPIRALIBUS.
1905 229 1914 236 ·
2165 191 2295 258 125

262 343 327 404 Θ
362 337 446 402 ad
484 337 792 423 spiralem
830 335 1060 402 ductae
1098 340 1253 404 sunt
1289 340 1502 422 [prop.
1536 337 1667 422 12],
1701 361 1978 423 quarum
2013 337 2298 404 maxima

262 449 369 510 est
412 449 560 528 ΘΑ,
607 443 881 509 minima
926 446 1147 509 autem
1190 448 1340 510 ΘΕ.
1412 443 1526 510 sed
1571 443 1740 508 aliae
1787 465 2043 529 quoque
2087 443 2298 509 lineae

264 554 440 635 sunt,
478 571 643 634 quae
682 572 721 614 a
749 553 809 614 Θ
844 549 927 614 ad
966 549 1285 614 ambitum
1322 550 1597 616 sectoris
1625 554 1757 616 ΘΑ
1769 554 1826 614 Ζ
1861 549 2089 618 ductae
2126 555 2298 634 sunt,

260 661 527 744 praeter
578 656 817 722 lineam
862 660 1021 740 ΘΑ,
1080 677 1352 722 numero
1406 677 1538 722 una
1581 657 1922 742 pauciores
1967 657 2078 742 iis,
2133 679 2296 742 quae

262 763 523 848 aequali
579 762 794 848 spatio
848 762 1019 827 inter
1070 783 1143 828 se
1188 761 1532 847 excedunt,
1585 763 2033 849 magnitudine
2078 767 2296 830 autem

262 872 335 936 et
377 869 552 934 inter
597 889 667 934 se
712 871 781 934 et
825 869 1145 934 maximae
1192 869 1518 953 aequales,
1563 872 1632 934 ct
1675 869 1746 934 in
1783 870 2083 937 omnibus
2121 870 2295 936 simi-

262 977 361 1041 les
408 978 689 1042 sectores
736 975 1097 1042 constructi
1142 978 1314 1060 sunt,
1361 977 1432 1040 in
1476 975 1763 1042 maxima
1799 980 2017 1044 autem
2054 999 2296 1060 earum,

262 1103 434 1166 quae
470 1081 727 1166 aequali
760 1081 978 1166 spatio
1018 1081 1191 1146 inter
1226 1103 1295 1148 sc
1332 1080 1669 1166 excedunt,
1712 1081 1931 1147 nullus
1968 1085 2297 1150 construc-

257 1191 373 1254 tus
418 1191 539 1254 est.
604 1191 889 1256 sectores
933 1187 1143 1272 igitur
1186 1187 1258 1254 in
1300 1187 1492 1252 lineis
1539 1191 1606 1252 et
1648 1187 1825 1253 inter
1871 1209 1941 1253 se
1986 1192 2054 1254 et
2093 1189 2298 1255 maxi-

262 1316 410 1360 mae
460 1295 839 1379 aequalibus
876 1295 1229 1360 constructi
1266 1295 1350 1360 ad
1388 1298 1672 1362 sectores
1706 1295 1777 1362 in
1813 1295 2004 1361 lineis
2039 1296 2299 1381 aequali

262 1402 484 1487 spatio
538 1401 711 1466 inter
766 1423 835 1466 se
890 1401 1347 1468 excedentibus
1403 1405 1808 1468 constructos
1862 1405 2122 1488 praeter
2165 1423 2297 1468 sec-

261 1511 475 1573 torem
521 1507 590 1572 in
633 1508 919 1573 maxima
963 1510 1406 1574 constructum
1451 1509 1767 1575 maiorem
1811 1511 2135 1576 rationem
2179 1509 2299 1574 ha-

261 1613 449 1696 bent,
504 1633 697 1697 quam
752 1609 1499 1695 &A228Ax8E-1-
1530 1612 1738 1698 ÷E22
1793 1617 2004 1701 [prop.
2055 1616 2134 1680 ll
2194 1637 2296 1680 co-

263 1719 455 1800 roll.].
518 1741 719 1804 quare
754 1719 957 1786 etiam
994 1723 1209 1786 sector
1245 1724 1379 1786 ΘΑ
1390 1723 1446 1784 Ζ
1482 1720 1566 1785 ad
1603 1720 1880 1806 figuram
1913 1721 2296 1804 inscriptam

265 1826 581 1892 maiorem
616 1829 940 1893 rationem
976 1825 1177 1892 habet
1213 1849 1407 1912 quam
1443 1827 1526 1892 ad
1566 1830 1886 1894 sectorem
1914 1830 1983 1891 Χ
1985 1842 2040 1896 Q.
2097 1848 2297 1911 quare

264 1937 480 2000 sector
534 1937 604 1998 X
606 1948 643 2002 Q
702 1933 915 1998 maior
974 1936 1076 1998 est
1132 1933 1348 2018 figura
1405 1934 1716 2020 inscripta
1775 1933 1982 2014 [Eucl.
2027 1932 2108 2018 V,
2166 1933 2298 2014 10].

266 2039 381 2105 sed
437 2039 646 2106 maior
697 2061 830 2106 non
886 2041 1011 2122 est,
1069 2061 1296 2104 uerum
1341 2041 1573 2106 minor.
1662 2041 1886 2124 itaque
1931 2042 2143 2106 sector
2186 2044 2250 2104 X
2258 2053 2295 2107 Q

263 2167 344 2212 ne
391 2145 607 2211 minor
650 2145 910 2230 quidem
958 2149 1059 2210 est
1103 2146 1317 2230 spatio
1365 2145 1594 2232 spirali
1621 2148 1966 2212 ΑΒΓΔΕ
1997 2149 2063 2211 et
2097 2145 2292 2211 lineis

265 2257 330 2316 A
338 2256 413 2335 Θ,
458 2256 590 2317 ΘΕ
632 2251 1114 2338 comprehenso,
1206 2253 1426 2335 itaque
1474 2252 1764 2336 aequalis
1812 2256 1931 2320 est.

1143 2462 1416 2530 XXVII.

398 2585 777 2672 Spatiorum
850 2587 1461 2673 comprehensorum
1533 2588 1886 2673 spiralibus
1961 2593 2028 2654 et
2087 2589 2296 2672 lincis,

264 2715 429 2778 quae
475 2694 543 2762 in
590 2694 1097 2762 circumactione
1146 2698 1325 2778 sunt,
1372 2695 1645 2759 tertium
1690 2693 1889 2779 duplo
1935 2694 2148 2760 maius
2193 2699 2297 2760 est

268 2800 573 2885 secund0‚
638 2804 942 2887 quartum
1003 2821 1160 2866 uero
1220 2801 1425 2886 triplo
1481 2799 1694 2866 maius
1706 2850 1724 2884 ‚
1787 2800 2088 2884 quintum
2140 2822 2297 2867 uero

264 2907 628 2991 quadruplo
683 2907 922 2989 maiuS‚
976 2909 1044 2971 et
1098 2910 1355 2991 semper
1403 2906 1708 2990 deinceps
1755 2906 2105 2990 insequens
2153 2930 2298 2994 spa-

263 3012 431 3078 tium
485 3013 683 3079 toties
739 3011 1087 3096 multiplex
1146 3013 1299 3097 erit,
1355 3034 1550 3097 quam
1596 3012 1882 3096 spatium
1929 3013 2300 3099 secundum,

530 3143 599 3148 -—--
1133 3141 1358 3148 --—.-—..-—

264 3204 437 3242 manu
473 3195 523 3243 2.
638 3193 719 3242 10.
758 3188 859 3260 τῷ]
899 3202 1007 3242 om.
1037 3188 1109 3256 F;
1148 3205 1286 3244 corr.
1316 3189 1380 3244 Β.
1492 3193 1576 3244 13.
1615 3188 1752 3258 ΘΕ]
1790 3189 1898 3240 ΑΕ
1924 3187 1995 3256 Γς
2033 3203 2175 3244 corr.
2202 3189 2300 3243 B.*

377 3264 461 3314 14.
488 3252 657 3330 ὥστε]
687 3275 827 3312 enm
853 3274 957 3328 per
986 3275 1165 3330 comp.
1196 3259 1264 3327 Ἐς
1294 3275 1435 3314 corr.
1464 3256 1580 3314 BC.
1705 3263 1790 3313 15.
1817 3277 1964 3328 προς
1989 3273 2092 3328 per
2117 3274 2296 3326 comp.

263 3328 337 3396 Ἐς
365 3345 507 3384 corr.
536 3328 825 3386 Torellius.
925 3333 984 3384 X
990 3330 1053 3401 q]
1094 3329 1203 3386 scri
1244 3329 1293 3386 si
1320 3347 1447 3386 cum
1475 3329 1572 3397 Οτς
1601 3333 1661 3384 Χ
1679 3328 1743 3399 F,
1770 3329 1964 3400 uulgo,
1992 3330 2060 3384 ut
2082 3327 2178 3383 lin.
2212 3333 2278 3384 16

270 3405 355 3454 18.
500 3405 587 3456 20.
628 3417 722 3454 ισα
758 3400 830 3469 Ες
878 3415 1015 3455 corr.
1057 3401 1199 3456 Tore
1251 3401 1350 3456 'us.
1497 3407 1583 3457 21.
1619 3396 1716 3456 λα’
1754 3399 1814 3455 F.
1961 3405 2048 3454 23.
2085 3369 2298 3470 voltavi

264 3475 303 3538 ἢ
339 3469 382 3523 F
397 3513 411 3538 ,
456 3472 518 3526 et
558 3471 641 3526 sic
681 3487 909 3540 semper
950 3469 1011 3526 in
1056 3472 1163 3528 hac
1207 3471 1590 3542 propositione
1603 3513 1618 3540 ,
1663 3471 1775 3528 nisi
1817 3470 1972 3540 quod
2017 3469 2300 3524 interdum

265 3540 529 3596 scribitur
562 3537 628 3596 α’
667 3545 743 3612 (p.
787 3547 889 3597 126
926 3541 1025 3597 lin.
1066 3544 1138 3614 ⁷).
