2659 3967
410 147 541 213 282
948 193 955 197 .
1212 145 1630 202 ΨΑΜΜΙΤΗΣ.

404 288 764 377 τριάκοντα
808 288 1067 358 τούτων
1114 286 1287 372 ὀκτώ
1335 275 1458 375 μὲν
1505 290 1577 356 οί
1612 287 1864 376 πρώτοι
1903 287 2034 358 σὺν
2068 294 2151 377 τᾷ
2188 288 2448 377 μονάδι

405 401 545 466 τοῖν
606 395 889 484 πρώτων
952 396 1387 483 καλουμένων
1453 397 1621 480 ἐντί,
1687 398 1759 463 οἱ
1813 395 1890 464 δὲ
1945 394 2104 482 μετὰ
2156 396 2460 476 τούτους.

408 501 579 574 ὀκτὼ
608 508 746 572 τῶν
775 504 1129 590 δευτέρων,
1155 503 1267 570 καὶ
1297 505 1368 570 ol*
1391 500 1550 588 μετὰ
1579 501 1860 583 τούτους
1887 501 2080 572 ἄλλοι
2108 501 2280 572 ὀκτώ
2305 507 2450 572 τῶν

406 617 682 697 τρίτων,
736 609 848 678 καὶ
904 613 975 678 οἱ
1017 607 1177 697 μετὰ
1224 608 1505 690 τούτους
1551 606 1722 680 ὀκτῶ
1769 614 1908 680 τῶν
1948 609 2318 698 τετάρτων,
2379 614 2454 678 οἰ

337 732 371 782 5
410 716 485 785 δὲ
549 716 774 787 λοιποὶ
834 717 959 786 δύο
1014 721 1152 788 τῶν
1204 718 1519 804 πέμπτων
1571 719 2006 804 καλουμένων
2061 717 2449 804 ἐσσούνται,

407 823 520 890 καὶ
568 821 605 891 6
654 828 926 911 ἔσχατος
970 822 1197 892 αὐτῶν
1244 826 1381 892 ἐστι
1427 823 1588 891 δέκα
1623 822 1916 909 μονάδες
1950 828 2089 892 τῶν
2124 826 2448 911 πέμπτων

408 928 742 1020 ἀριθμῶν.
818 935 1028 1016 δῆλον
1076 923 1225 1016 οὖν,
1272 928 1376 999 ὅτι
1421 928 1494 998 τὸ
1541 934 1666 999 τοῦ
1703 930 1983 1018 ψάμμου
2019 935 2282 1019 πλῆθος
2317 937 2452 999 τοῦ

411 1038 697 1123 μέγεθος
760 1042 1031 1124 ἔχοντος
1094 1045 1246 1106 ἴσον
1309 1041 1391 1126 τᾷ
1449 1044 1706 1128 σφαίρᾳ
1757 1043 1839 1126 τᾷ
1895 1036 2021 1106 τὰν
2076 1037 2452 1126 διάμετρον

413 1143 663 1232 ἐχούσᾳ
707 1148 1001 1212 σταδίων
1040 1150 1300 1233 μυρίων
1339 1149 1624 1214 ἔλασσον
1661 1147 1948 1215 ἐσσείται
1983 1140 2026 1230 ἢ
2066 1144 2118 1212 ι’
2155 1143 2454 1232 μονάδες

308 1222 376 1348 1}
411 1251 548 1317 τῶν
592 1250 906 1335 πέμπτων
951 1248 1284 1336 ἀριθμῶν.
1358 1250 1560 1318 πάλιν
1606 1250 1684 1318 δὲ
1729 1248 1772 1316 ἆ
1820 1263 2075 1339 σφαῖρα
2117 1247 2159 1316 ἆ
2198 1255 2454 1337 ἔχουσα

412 1353 537 1423 τὰν
585 1354 944 1442 διάμετρον
982 1361 1276 1425 σταδίων
1312 1355 1380 1444 ρ’
1420 1355 1770 1443 μυριάδων
1807 1362 2268 1424 πολλαπλασία
2305 1357 2454 1424 ἐστὶ

411 1466 531 1542 τάς
587 1468 875 1549 σφαίρας
919 1465 1038 1540 τάς
1083 1460 1207 1530 τὰν
1252 1461 1610 1549 διάμετρον
1657 1461 1939 1549 ἐχούσας
1985 1466 2279 1530 σταδίων
2326 1489 2454 1547 μυ-

414 1572 583 1656 ρίων
628 1581 772 1648 ταῖς
818 1567 887 1657 ρ’
937 1566 1350 1655 μυριάδεσσι.
1423 1571 1487 1638 εί
1531 1559 1659 1636 οὖν
1696 1568 1960 1655 γένοιτο
2001 1570 2072 1636 ἐκ
2107 1571 2230 1636 τοῦ
2265 1567 2452 1654 ψάμ-

415 1701 547 1761 μου
576 1687 831 1763 σφαῐρα
858 1673 1219 1744 ταλικαύτα
1244 1673 1321 1742 τὸ
1352 1676 1658 1761 μέγεθος,
1685 1673 1886 1744 ἁλίκα
1915 1674 2095 1744 ἐστὶν
2124 1671 2165 1741 ἆ
2189 1687 2453 1761 σφαῖρα

312 1793 376 1843 15
414 1779 458 1850 ἆ
506 1787 750 1869 ἔχουσα
790 1780 916 1850 τὰν
954 1781 1310 1870 διάμετρον
1350 1786 1643 1850 σταδίων
1681 1780 1748 1869 ρ’
1788 1779 2162 1870 μυριάδων,
2209 1785 2450 1866 δῆλον,

417 1885 506 1969 ὥς
562 1887 865 1958 ἐλάσσων
927 1889 1211 1956 ἐσσείται
1258 1883 1292 1955 6
1341 1891 1463 1954 τοῦ
1509 1887 1789 1974 ψάμμου
1835 1884 2129 1976 άριθμὸς
2172 1891 2294 1955 τοῦ
2339 1914 2452 1973 γε-

414 1995 710 2082 νομένου
768 1992 1069 2082 ἀριθμοῦ
1127 1998 1877 2062 πολλαπλασιασθεισᾶν
1931 1998 2058 2062 τάν
2113 1995 2273 2062 δέκα
2329 2021 2454 2080 μο-

414 2099 647 2169 νάδων
711 2105 847 2170 τῶν
912 2101 1221 2186 πέμπτων
1282 2097 1602 2186 άριθμῶν
1661 2112 1807 2179 ταῖς
1861 2098 1929 2186 ρ’
1986 2098 2454 2186 μυριάδεσσιν.

416 2206 528 2274 καὶ
575 2206 714 2275 ἐπεὶ
761 2209 837 2274 αἱ
878 2205 1003 2292 μὲν
1049 2210 1183 2276 τῶν
1228 2207 1539 2293 πέμπτων
1585 2203 1903 2294 (ἐρυθ-μῶν
1951 2207 2112 2273 δέκα
2156 2205 2456 2292 μονάδες

312 2329 381 2377 20
416 2312 725 2400 τέταρτός
764 2314 901 2381 ἐστι
927 2312 1040 2380 καὶ
1066 2309 1455 2399 τριακοστὸς
1481 2310 1612 2381 άπὸ
1641 2311 1940 2398 μονάδος
1968 2308 2336 2410 ἀνάλογον,
2377 2316 2458 2379 αἱ

419 2418 495 2488 δὲ
554 2417 621 2508 ρ’
680 2419 1001 2506 μυριάδες
1060 2421 1343 2506 ἕβδομος
1401 2417 1535 2488 άπὸ
1593 2417 1889 2507 μονάδος
1944 2421 2016 2488 ἐκ
2070 2422 2188 2499 τᾶς
2224 2415 2456 2498 -αύτᾶς

417 2524 804 2614 ἀναλογίας,
852 2529 1085 2613 δῆλον,
1132 2523 1233 2594 ὅτι
1281 2524 1318 2594 6
1366 2525 1729 2614 γενόμενος
1774 2528 1846 2594 ἐκ
1889 2529 2007 2606 τᾶς
2043 2522 2251 2605 αὐτᾶς
2287 2522 2458 2592 ἄνα-

417 2640 648 2720 λογίας
712 2635 998 2704 ἐσσείται
1060 2631 1506 2720 τετρωκοστὸς
1568 2630 1702 2701 άπὸ
1769 2632 2086 2720 μονάδος.
2177 2635 2314 2700 τῶν
2377 2630 2456 2698 δὲ

415 2740 914 2827 τεσσαράκοντα
958 2738 1219 2809 τούτων
1265 2736 1438 2808 ὀκτὼ
1487 2739 1610 2826 μὲν
1657 2742 1729 2807 οί
1760 2737 2012 2828 πρώτοι
2049 2736 2178 2814 σὺν
2212 2739 2297 2824 τᾷ
2336 2763 2458 2822 μο-

312 2859 381 2911 26
418 2848 578 2917 νάδι
622 2850 761 2918 τοῖν
804 2847 1090 2935 πρώτων
1134 2847 1571 2933 καλουμένων
1618 2847 1778 2932 ἐντί,
1828 2847 1900 2913 ol*
1932 2844 2010 2913 δὲ
2045 2840 2206 2931 μετὰ
2243 2847 2460 2910 ταῦτα

418 2952 613 3022 ἄλλοι
659 2949 831 3025 ὀκτώ
876 2958 1016 3024 τῶν
1062 2955 1418 3042 δευτέρων,
1447 2952 1575 3020 ’καὶ
1623 2954 1694 3019 οἱ
1733 2949 1895 3038 μετὰ
1942 2951 2222 3031 τούτους
2258 2947 2462 3017 ἄλλοι

420 3056 592 3127 ὀκτὼ
639 3062 777 3128 τῶν
822 3065 1089 3149 τρίτων,
1136 3062 1209 3128 οἱ
1250 3057 1325 3126 δὲ
1347 3147 1352 3154 .
1371 3055 1534 3144 μετὰ
1580 3055 1740 3138 τοὺς
1783 3062 2048 3144 τρίτους
2095 3053 2268 3124 ὀκτώ
2314 3059 2460 3124 τῶν

418 3163 774 3252 τετάρτων,
821 3166 893 3231 οἱ
933 3163 1009 3232 δὲ
1054 3163 1217 3251 μετὰ
1264 3163 1547 3245 τούτους
1591 3160 1764 3232 ὀκτὼ
1811 3167 1949 3232 τῶν
1990 3164 2303 3250 πέμπτων
2341 3187 2462 3228 κα-

419 3272 802 3358 λουμένων,
854 3270 966 3345 καὶ
1024 3267 1059 3338 6
1111 3275 1383 3358 ἔσχατος
1427 3267 1652 3339 αὐτῶν
1700 3271 1837 3338 ἐστι
1883 3273 2090 3356 χιλίαι
2137 3266 2462 3356 μυριάδες

564 3437 613 3486 3.
653 3451 709 3486 οι
746 3435 904 3486 aum
938 3427 1010 3497 Ἐς
1058 3445 1196 3485 cort.
1236 3429 1323 3485 ed.
1361 3428 1528 3484 Banu.
1674 3435 1725 3484 6.
1765 3429 1950 3499 μοναδ
1987 3444 2112 3482 cum
2151 3442 2333 3496 comp.
2375 3445 2461 3480 ων

419 3502 490 3569 F3
529 3517 670 3558 corr.
707 3500 773 3558 B.
878 3504 933 3554 8.
971 3503 1257 3570 μεγεθους
1289 3499 1539 3568 F;-con·.
1577 3498 1696 3554 BC.
1806 3505 1857 3555 9.
1896 3501 2065 3553 ελασσ
2101 3515 2229 3552 eum
2266 3512 2460 3567 comp.

2617 234 2622 538 1

2619 583 2624 758 1
