2659 3967
392 202 527 268 460
1169 202 1644 260 FRAGMENTA.

394 342 622 431 ἐπειδὴ
662 344 789 413 δύο
829 346 1161 413 ἐπιπέδων
1196 345 1438 433 ἑκάστη
1467 348 1604 415 τῶν
1639 350 1950 436 πλευρῶν
1987 343 2202 415 αὐτοῦ
2232 348 2430 433 κοινή

394 452 606 537 ἐστιν,
661 455 903 539 δῆλον,
961 449 1065 521 ὅτι
1118 456 1241 521 τοῦ
1270 451 1602 540 πλήθους
1656 451 1731 521 τὸ
1779 450 1988 541 ἥμισυ
2034 455 2112 520 αἱ
2149 459 2438 542 πλευραί

393 561 525 625 εἰσι
568 562 692 626 τοῦ
737 560 1133 647 πολυέδρου.

525 662 603 733 τὸ
659 664 782 750 μὲν
840 656 969 733 οὖν
1024 668 1297 755 πρῶτον
1340 667 1478 733 τῶν
1525 664 2033 753 ἀνομοιογενῶν
2081 665 2181 753 ιγ’
2229 674 2432 735 πολυ-

394 774 614 858 έδρων
662 770 802 838 ἐπεὶ
846 772 1214 861 περιέχεται
1256 769 1614 859 τριγώνοις
1659 770 1730 839 δ’
1773 772 1888 840 καὶ
1933 770 2293 859 ἑξαγώνοις
2339 770 2434 856 δ’,

392 881 645 964 γωνίας
689 876 812 964 μὲν
851 882 983 966 ἔχει
1022 875 1293 967 στερεᾶς
1330 876 1460 965 ιβ’,
1505 876 1796 966 πλευρὰς
1833 877 1909 946 δὲ
1942 876 2061 964 ιη’.
2130 881 2269 946 τῶν
2305 877 2432 964 μὲν

392 981 524 1071 γὰρ
567 981 914 1071 τεσσάρων
958 982 1309 1072 τριγώνων
1359 985 1436 1051 αἵ
1469 1008 1541 1051 τε
1575 988 1820 1070 γωνίαι
1858 1012 1882 1051 ι
1899 982 1970 1070 β’
2009 988 2180 1052 εἰσιν
2207 984 2325 1051 καὶ
2361 986 2437 1051 αἰ

393 1089 675 1179 πλευραὶ
730 1088 859 1176 ιβ’,
914 1092 1051 1158 τῶν
1108 1089 1186 1159 δὲ
1239 1089 1308 1157 δ’
1365 1089 1723 1176 ἑξαγώνων
1781 1092 1858 1157 αἵ
1904 1116 1977 1159 τε
2029 1095 2272 1177 γωνίαι
2317 1088 2428 1159 κδ’

395 1198 567 1262 εἰσιν
610 1194 725 1262 καὶ
772 1198 848 1261 αἱ
888 1196 1169 1283 πλευραὶ
1220 1194 1350 1265 κδ’.
1422 1197 1794 1283 γενομένου
1841 1196 1926 1283 δὴ
1964 1199 2090 1266 τοῦ
2126 1194 2430 1285 ἀριθμοῦ

392 1299 644 1380 παντὸς
689 1300 802 1373 λς’
850 1298 1223 1387 ἀναγκαῖόν
1270 1305 1452 1371 ἐστιν
1487 1300 1611 1371 τὸν
1649 1300 1772 1389 μὲν
1808 1306 1947 1372 τῶν
1985 1308 2274 1393 στερεῶν
2309 1330 2432 1390 γω·

395 1410 565 1475 νιῶν
629 1404 929 1495 ἀριθμὸν
992 1412 1221 1495 τρίτον
1274 1408 1478 1495 μέρος
1533 1404 1708 1477 εἶναι
1764 1413 1890 1495 τοῦ
1943 1409 2433 1499 προειρημένου

395 1511 721 1601 ἀριθμοῦ,
769 1514 910 1583 ἐπεὶ
953 1514 1067 1581 καὶ
1112 1511 1354 1599 ἑκάστη
1399 1517 1538 1582 τῶν
1585 1519 1873 1603 στερεῶν
1911 1513 2126 1585 αὐτοῦ
2162 1520 2432 1602 γωνιῶν

396 1620 733 1701 ἐπιπέδοις
788 1627 1065 1707 γωνίαις
1114 1621 1486 1709 περιέχεται
1540 1619 1632 1707 γ’,
1685 1620 1764 1689 τὸ
1821 1620 1899 1689 δὲ
1940 1626 2079 1690 τῶν
2123 1626 2432 1708 πλευρῶν

394 1730 659 1813 πλῆθος
691 1725 767 1795 τὸ
807 1722 1016 1813 ἥμισυ
1047 1728 1172 1792 τοῦ
1208 1722 1512 1812 ἀριθμοῦ
1546 1727 1892 1795 τουτέστιν
1924 1729 2050 1795 τοῦ
2085 1726 2224 1813 λς’,
2264 1724 2434 1795 ὥστε

396 1829 572 1901 εἶναι
614 1832 910 1923 πλευρὰς
955 1833 1077 1920 ιη’.

530 1942 666 2007 τῶν
730 1937 807 2007 δὲ
864 1939 1554 2027 τετρακαιδεκαέδρων
1609 1937 1686 2008 τὸ
1743 1942 2012 2026 πρῶτον
2065 1941 2432 2028 περιέχεται

396 2043 749 2133 τριγώνοις
802 2044 876 2133 η’
933 2045 1046 2113 καὶ
1098 2037 1546 2135 τετραγώνοις
1590 2044 1680 2131 ς’,
1728 2044 1896 2121 ὥστε
1944 2050 2120 2134 ἔχειν
2163 2045 2434 2136 στερεὰς

396 2150 521 2237 μὲν
566 2156 816 2237 γωνίας
862 2150 958 2237 ιβ’
1004 2150 1280 2239 (ἑκάστη
1328 2150 1462 2240 γὰρ
1506 2149 1724 2221 αὐτοῦ
1767 2158 1984 2238 γωνία
2027 2149 2164 2221 ὑπὸ
2200 2153 2432 2222 τεσσά-

398 2273 539 2343 ρων
603 2257 932 2326 ἐπιπέδων
996 2262 1271 2344 γωνιῶν.
1330 2257 1760 2348 περιέχεται),
1823 2255 2115 2346 πλευρὰς
2168 2259 2246 2328 δὲ
2302 2266 2430 2349 ἔχει

395 2360 534 2429 κδ’.
615 2359 691 2429 τὸ
768 2360 844 2431 δὲ
908 2364 1227 2453 δεύτερον
1290 2366 1428 2434 τῶν
1490 2366 2216 2453 τετρακαιδεκαέδρων,
2294 2367 2432 2435 ἐπεὶ

398 2468 763 2557 περιέχεται
807 2469 1248 2557 τετραγώνοις
1294 2470 1359 2543 ς’
1406 2471 1520 2538 καὶ
1566 2469 1924 2557 ἑξαγώνοις
1968 2471 2060 2558 η’,
2115 2472 2246 2553 ἕξει
2294 2493 2431 2541 στε-

399 2573 557 2663 ρεὰς
618 2574 741 2662 μὲν
800 2580 1051 2661 γωνίας
1102 2575 1225 2643 κδ’
1281 2576 1556 2665 (ἑκάστη
1611 2574 1740 2665 γὰρ
1794 2580 1932 2646 τῶν
1986 2581 2258 2664 γωνιῶν
2313 2576 2429 2645 αὖ-

396 2685 520 2749 τοῦ
566 2682 931 2770 περιέχεται
976 2680 1110 2751 ὑπὸ
1156 2682 1225 2770 γ’
1272 2686 1543 2769 γωνιῶν
1591 2683 1974 2771 ἐπιπέδων),
2021 2681 2312 2771 πλευρὰς
2357 2682 2430 2751 δὲ

400 2792 533 2875 ἔχει
578 2786 771 2877 252²)
2195 2792 2204 2803 ’

510 2898 669 2963 ,τῶν
708 2893 783 2963 δὲ
816 2894 1453 2985 ἑκκαιεικοσαέδρων
1480 2896 1556 2965 τὸ
1589 2895 1714 2984 μὲν
1739 2900 2034 2986 πρῶτον,
2073 2896 2213 2963 ἐπεὶ
2249 2919 2430 2982 περι-

400 3002 615 3088 έχεται
648 2998 1003 3089 τριγώνοις
1028 3027 1099 3070 τε
1124 3001 1194 3089 η’
1223 3002 1336 3070 καὶ
1362 3002 1804 3092 τετραγώνοις
1832 3002 1960 3089 ιη’,
2003 3003 2135 3083 ἕξει
2162 2999 2432 3089 στερεάς

400 3106 523 3194 μὲν
563 3112 813 3193 γωνίας
857 3106 1000 3194 κδ’,
1046 3106 1340 3197 πλευρὰς
1379 3109 1458 3178 δὲ
1492 3107 1638 3198 μη’.
1710 3107 1788 3177 τὸ
1829 3107 1905 3177 δὲ
1941 3106 2261 3196 δεύτερον
2296 3113 2432 3175 τῶν

546 3342 600 3408 1)
637 3340 921 3395 Lacunam
968 3356 1096 3395 cum
1130 3337 1507 3396 Eisenmanno
1554 3338 1634 3393 sie
1681 3337 1934 3409 expleuit
1966 3337 2319 3393 Hultschius:
2365 3332 2428 3390 τὸ

400 3408 467 3466 δὲ
506 3410 696 3480 τρίτον
730 3410 844 3465 τῶν
880 3408 1500 3479 τετρακαιδεκαέδρων,
1537 3405 1665 3465 ἐπεὶ
1699 3407 2025 3496 περιέχεται
2059 3404 2354 3478 τριγώνοις
2376 3402 2424 3495 η’

400 3480 497 3535 καὶ
526 3476 873 3549 ὅκταγώνοις
902 3478 981 3551 ς’,
1019 3478 1135 3549 ἕξει
1163 3476 1395 3549 στερεάς
1423 3478 1529 3549 μὲν
1557 3482 1766 3549 γωνίας
1795 3482 1875 3536 κδ
1901 3520 1916 3545 ,
1951 3477 2198 3549 πλευρὰς
2226 3476 2292 3535 δὲ
2321 3482 2386 3537 λς
2416 3520 2429 3533 .

401 3550 571 3607 aliter
606 3550 963 3619 scholiaste23
998 3570 1053 3606 u.
1091 3570 1147 3622 p.
1185 3556 1307 3607 463.
