2659 3967
399 185 484 251 68
1161 186 1339 237 ΠΕΡΙ
1374 182 1675 237 ΕΛΙΚΩΝ.

399 327 627 415 μένοις
671 329 790 405 τοῖς
836 327 1050 405 ἕλικος
1095 326 1284 406 ἐντὸς
1320 323 1715 410 πεσούνται,
1758 322 1843 391 τὰ
1882 323 1959 392 δὲ
1996 326 2069 393 ἐν
2114 336 2255 403 τοϊς
2292 322 2449 391 ἑπο-

401 434 628 521 μένοις
673 431 876 512 ἐκτός.
955 428 998 499 ἆ
1047 422 1178 499 οὖν
1222 436 1441 517 γωνία
1486 425 1529 499 ἅ
1574 427 1711 499 ὑπὸ
1754 434 1883 498 τᾶν
1929 438 2099 516 ΑΔ,
2139 437 2205 496 A
2219 436 2274 497 Z
2320 426 2447 497 οὔκ

402 544 584 610 ἐστιν
644 538 855 629 ὀρθά,
916 536 1084 607 ἀλλὰ
1146 534 1447 624 ἀμβλεῖα.
1548 540 1715 605 ἔστω
1776 536 1938 626 γάρ,
2004 540 2067 604 εί
2125 534 2447 621 δυνατόν,

404 646 604 737 ὀρθά.
697 644 1049 728 ἐπιφαύσει
1105 644 1189 732 δὴ
1247 641 1288 711 ἁ
1339 651 1405 711 Ε
1419 651 1474 712 Ζ
1526 647 1652 712 τοῦ
1700 650 1848 711 ΡΝ
1860 651 1926 710 A
1979 645 2232 712 κύκλου
2275 642 2446 712 κατὰ

1690 746 1767 817 τὸ
1808 756 1890 819 Δ.
1964 747 2159 837 ἄχθω
2197 746 2281 837 δὴ
2319 749 2451 817 πά·-

1692 866 1804 925 λιν
1884 857 2035 924 ποτὶ
2106 857 2236 925 τὰν
2310 860 2449 925 ἑπι-

1693 963 2051 1044 ψαύουσαν
2086 960 2129 1031 ἆ
2160 971 2297 1050 ΑΙ,
2334 964 2449 1031 καὶ

1693 1072 1981 1158 τεμνέτω
2090 1069 2215 1138 τάν
2323 1068 2449 1157 μὲν

1695 1178 1881 1245 ἕλικα
1958 1175 2129 1245 κατὰ
2205 1174 2283 1245 τὸ
2366 1183 2449 1261 X,

1694 1282 1820 1352 τάν
1892 1283 1969 1353 δὲ
2040 1288 2163 1353 τοῦ
2238 1289 2377 1351 ΡΝ
2381 1290 2452 1349 A

1693 1389 1947 1460 κύκλου
2019 1390 2451 1479 περιφέρειαν

1694 1495 1863 1565 κατὰ
1930 1495 2009 1565 τὸ
2073 1504 2141 1565 Ρ.
2246 1496 2445 1584 ἐχέτω

1699 1602 1775 1671 δὲ
1838 1600 1881 1671 ἆ
1948 1610 2055 1671 ΡΙ
2112 1604 2264 1672 ποτὶ
2320 1609 2449 1669 ΡΑ

1698 1709 2030 1779 ἐλάσσονα
2062 1709 2274 1795 λόγον
2304 1712 2451 1793 τοῦ,

1698 1812 1779 1884 ὃν
1827 1820 1959 1904 ἔχει
2006 1813 2049 1883 ἆ
2094 1824 2160 1883 A
2171 1823 2232 1883 P
2270 1840 2451 1903 περι-

1698 1924 1932 2012 φέρεια
2030 1922 2181 1991 ποτὶ
2280 1920 2452 1990 ολαν

410 2027 539 2098 τὰν
606 2031 729 2097 τοῦ
788 2034 1004 2096 APN
1057 2028 1312 2097 κύκλου
1376 2029 1808 2117 περιφέρειαν
1872 2029 1984 2097 καὶ
2046 2028 2254 2118 [ποτὶ]
2316 2052 2449 2095 ταν

417 2141 570 2203 AN
582 2141 651 2203 T.
743 2138 1074 2203 δεδείκται
1137 2161 1268 2224 γαρ
1320 2137 1523 2203 τοῦτο
1580 2133 1878 2204 δυνατὸν
1935 2134 2068 2205 ἐόν.
2158 2134 2271 2205 καὶ
2326 2132 2456 2202 ολα

415 2240 548 2329 ἄρα
612 2238 655 2308 ἆ
701 2247 817 2308 ΙΑ
873 2241 1025 2309 ποτὶ
1080 2265 1208 2309 ταν
1254 2248 1391 2308 ΑΡ
1438 2240 1769 2310 ἐλάσσονα
1825 2241 2035 2328 λόγον
2090 2245 2254 2328 ἔχει,
2320 2235 2362 2326 ἢ
2410 2236 2455 2305 ἆ

307 2368 377 2415 20
415 2354 547 2414 ΡΛ
559 2354 638 2415 Ν
647 2354 708 2415 Τ
749 2349 1137 2436 περιφέρεια
1192 2344 1352 2434 μεθ’
1414 2345 1575 2428 ὅλας
1612 2350 1745 2428 τᾶς
1798 2352 1921 2417 τοῦ
1976 2347 2230 2415 κύκλου
2274 2369 2459 2433 περι-

413 2458 686 2541 φερείας
742 2453 894 2521 ποτὶ
951 2453 1079 2521 τάν
1134 2460 1294 2521 ΔΝ
1303 2460 1365 2521 Τ
1408 2454 1841 2541 περιφέρειαν
1899 2451 2055 2541 μεθ’
2124 2450 2287 2533 ὅλας
2339 2455 2461 2531 τᾶς

411 2563 536 2629 τοῦ
571 2559 827 2628 κύκλου
862 2564 1304 2648 περιφερείας.
1370 2556 1525 2628 ἀλλ’
1569 2556 1655 2629 δν
1694 2564 1826 2647 ἔχει
1862 2558 2071 2647 λόγον
2100 2556 2143 2627 ἆ
2174 2567 2305 2630 PA
2315 2566 2394 2627 N
2408 2565 2468 2625 Τ

414 2666 802 2753 περιφέρεια
857 2662 1011 2751 μεθ’
1075 2662 1236 2744 ὅλας
1289 2669 1410 2744 τᾶς
1460 2670 1584 2733 τοῦ
1633 2674 1701 2733 A
1711 2673 1790 2734 N
1799 2673 1922 2734 TP
1964 2666 2221 2735 κύκλου
2276 2690 2462 2753 περι-

415 2778 686 2862 φερείας
748 2770 900 2838 ποτὶ
960 2769 1084 2839 τὰν
1142 2777 1297 2838 AN
1305 2778 1367 2837 T
1413 2772 1844 2861 περιφέρειαν
1901 2769 2062 2859 μεθ’
2128 2770 2287 2852 ὅλας
2340 2775 2464 2851 τᾶς

308 2896 377 2945 25
413 2883 537 2947 τοῦ
589 2885 742 2947 AN
751 2884 875 2945 TP
908 2877 1163 2947 κύκλου
1207 2882 1652 2968 περιφερείας,
1698 2882 1957 2948 τοῦτον
2002 2884 2134 2967 ἔχει
2178 2876 2301 2948 τὸν
2348 2876 2461 2946 λό-

415 3010 541 3071 γον
595 2982 638 3051 ἁ
685 2990 973 3051 ΣΗΚΘ
1015 2984 1407 3073 περιφέρεια
1453 2982 1610 3071 μεθ’
1664 2983 1827 3065 ὅλας
1868 2989 1989 3066 τᾶς
2033 2988 2158 3053 τοῦ
2206 2984 2463 3053 κύκλου

415 3096 838 3177 περιφερείας
890 3093 1007 3169 τᾶς
1053 3095 1347 3157 ΘΣΗΚ
1387 3090 1540 3158 ποτὶ
1586 3087 1712 3158 τάν
1759 3097 1839 3158 H
1842 3097 1912 3159 K
1920 3098 1977 3158 Θ
2022 3091 2461 3180 περιφέρειαν

419 3193 574 3283 μεθ’
637 3194 798 3276 ολας
849 3200 970 3276 τᾶς
1022 3199 1145 3265 τοῦ
1192 3202 1417 3263 ΘΣΗ
1424 3202 1494 3264 Κ
1544 3195 1799 3267 κύκλου
1844 3202 2286 3287 περιφερείας.
2380 3193 2464 3265 ὃν

423 3301 500 3371 δὲ
563 3301 772 3389 λόγον
837 3308 1057 3390 ἔχοντι
1121 3305 1198 3369 αἱ
1255 3300 1543 3393 ὕστερον
1607 3303 1953 3393 εἰρημέναι
2020 3308 2462 3394 περιφερείαι,

567 3470 617 3517 2.
637 3424 814 3517 ἈΔΖ
853 3462 913 3531 F,
951 3463 1141 3533 uulgo.
1293 3468 1343 3518 6.
1382 3460 1583 3535 ταν]τ
1862 3470 1944 3519 13.
1984 3464 2147 3535 ποτί]
2188 3482 2327 3532 προς
2362 3480 2465 3533 per

423 3530 604 3603 eomp.
642 3533 712 3601 Ἐς
767 3550 906 3591 corr.
947 3533 1242 3590 Torelhus.
1394 3540 1479 3594 17.
1516 3534 1681 3606 nott]
1720 3535 1898 3591 deleo.
2044 3536 2111 3589 In
2145 3534 2327 3604 figura
2362 3552 2465 3604 pro
