2659 3967
421 154 586 219 ‘348
909 154 1527 208 mTPArszmMoz
1564 152 2033 206 ΠΑΡΑΒΟΛΗΣ.

453 296 594 365 ἐπεὶ
641 288 770 365 οὖν
814 296 890 365 τὸ
940 296 1066 384 μὲν
1113 304 1168 364 Ζ
1213 298 1339 364 τοῦ
1386 301 1444 362 Β
1489 299 1717 381 τρίτον
1772 294 1971 383 μέρος
2017 295 2231 380 ἐστίν,
2290 293 2372 364 τὸ
2424 296 2501 364 δὲ

452 409 509 469 Β
565 407 690 471 τοῦ
735 412 799 471 A
853 404 1169 493 τέταρτον
1225 404 1426 492 μέρος
1484 403 1700 488 ἐστίν,
1763 399 2111 535 ἀμφότερα
2169 401 2251 470 τὰ
2298 410 2395 487 Β,
2445 409 2500 469 Ζ

1740 510 1940 598 μέρος
1956 513 2186 597 τρίτον
2212 509 2351 577 ἐστὶ
2370 513 2501 577 τοῦ

1740 622 1821 683 A.
1897 613 2010 683 διὰ
2056 613 2139 682 τὰ
2186 612 2358 683 αυτὰ
2410 614 2497 701 δὴ

383 737 416 787 5
1739 722 1852 789 καὶ
1896 721 1977 789 τὰ
2020 729 2113 807 Η,
2150 726 2215 789 Γ
2250 725 2378 789 τοῦ
2414 728 2497 807 Β,

647 831 653 835 ’
1738 829 1852 896 καὶ
1896 826 1979 896 τὰ
2016 835 2095 914 Θ,
2135 835 2202 894 A
2245 830 2369 895 τοῦ
2419 833 2499 914 Γ,

891 915 935 962 A
1739 934 1852 1003 καὶ
1896 933 1977 1001 τὰ
2026 941 2089 1020 Ι,
2136 940 2201 1001 Ε
2238 938 2362 1001 τοῦ
2412 941 2496 1001 A.

1739 1040 1851 1109 καὶ
1895 1039 1977 1107 τὰ
2015 1040 2371 1127 σύμπαντα
2410 1038 2495 1127 δὴ

1140 1177 1184 1225 Β
1739 1146 1823 1214 τὰ
1871 1154 1961 1232 Β,
2009 1152 2087 1232 Γ,
2133 1155 2232 1232 Δ,
2279 1154 2369 1233 Ε,
2419 1154 2495 1234 Ζ,

349 1265 416 1313 10
1739 1261 1831 1339 Η,
1860 1260 1939 1338 Θ,
1966 1259 2013 1320 Ι
2042 1258 2269 1341 τρίτον
2298 1254 2498 1341 μέρος

1350 1373 1403 1422 Γ
1743 1360 1882 1430 ἐστὶ
1918 1362 2053 1429 τῶν
2087 1358 2497 1447 συμπάντων

1450 1489 1501 1538 Δ
1742 1471 1880 1536 τῶν
1900 1476 1986 1552 Α,
2013 1474 2094 1553 Β,
2123 1472 2200 1552 Γ,
2226 1474 2310 1534 A.
2356 1467 2495 1534 ἐντὶ

1541 1582 1547 1669 Ι
1568 1603 1617 1655 Ε
1745 1574 1821 1643 δὲ
1879 1572 1993 1641 καὶ
2054 1570 2225 1640 αὐτα
2278 1569 2359 1639 τὰ
2419 1578 2494 1657 Ζ,

1422 1734 1471 1787 Θ
1742 1689 1843 1767 Η,
1891 1688 1949 1748 Θ
2010 1685 2238 1769 τρίτον
2297 1680 2497 1766 μέρος

1404 1806 1493 1955 Π
1605 1810 1639 1857 Ι
1744 1785 1970 1856 αὐτῶν
2015 1791 2153 1856 τῶν
2190 1793 2271 1870 Β,
2303 1789 2379 1869 Γ,
2410 1792 2492 1852 Δ.

1404 1956 1493 1962 .-
1586 1881 1649 1941 ¹]
1741 1894 1855 1961 καὶ
1890 1892 1973 1962 τὰ
2011 1891 2210 1961 λοιπὰ
2249 1889 2380 1980 ἄρα
2411 1888 2492 1957 τὰ

1743 2009 1831 2086 Β,
1881 2006 1960 2086 Γ,
2008 2005 2105 2085 Δ,
2152 2006 2241 2085 Ε,
2286 2005 2333 2066 Ι
2371 2000 2495 2065 τοῦ

454 2110 698 2174 λοιποῦ
742 2111 970 2196 τρίτον
1017 2111 1218 2196 μέρος
1263 2106 1403 2184 ἐστὶ
1447 2110 1571 2177 τοῦ
1617 2116 1698 2175 Α.
1788 2111 2003 2193 δῆλον
2051 2097 2209 2189 οὖν,
2265 2102 2367 2173 ὅτι
2409 2102 2494 2171 τὰ

457 2212 810 2298 σύμπαντα
861 2212 944 2282 τὰ
1003 2223 1099 2300 A,
1157 2222 1247 2300 Β,
1300 2219 1380 2301 Γ,
1429 2222 1517 2300 Δ,
1565 2221 1629 2281 Ε
1669 2213 1783 2281 καὶ
1825 2212 1902 2283 τὸ
1950 2221 2021 2300 Ι,
2077 2212 2373 2281 τουτέστι
2417 2208 2495 2279 τὸ

347 2330 418 2380 20
458 2323 686 2407 τρίτον
731 2304 866 2386 τοῧ
901 2327 982 2406 Ε,
1029 2325 1152 2388 τοῦ
1198 2330 1264 2388 Α
1311 2323 1492 2388 ἐστιν
1540 2322 1849 2409 ἐπίτριτα.

348 1798 416 1848 15
555 1805 726 1813 ‘'-

1412 2514 1542 2583 κδ’.

588 2642 750 2707 Πᾶν
785 2643 1010 2727 τμᾶμα
1043 2638 1120 2709 τὸ
1160 2639 1638 2731 περιεχόμενον
1675 2635 1807 2707 ὑπὸ
1848 2636 2121 2718 εὐθείας
2154 2636 2269 2705 καὶ
2297 2634 2502 2725 ὀρθο-

455 2750 711 2832 γωνίου
754 2744 982 2815 κώνου
1025 2749 1234 2832 τομᾶς
1280 2744 1615 2834 ἑπίτριτόν
1662 2747 1800 2813 ἐστι
1836 2742 2175 2833 τριγώνου
2210 2747 2335 2811 τοῦ
2371 2740 2497 2810 τὰν

459 2850 674 2921 αὐτὰν
721 2850 924 2938 βάσιν
972 2855 1241 2939 ἔχοντος
1289 2849 1469 2944 αὐτῷ
1516 2850 1629 2919 καὶ
1675 2850 1849 2932 ὕψος
1898 2858 2067 2919 ἴσον.

350 2969 418 3020 25
593 2962 760 3025 ἔστω
826 2956 959 3046 γὰρ
1019 2956 1096 3026 τὸ
1151 2967 1218 3027 A
1229 2963 1510 3033 ΔΒΕΓ,
1555 2962 1777 3045 τμᾶμα
1830 2956 2307 3058 πξριεχόμενον
2362 2952 2500 3023 ὑπὸ

458 3060 732 3143 εἰθείας
795 3063 908 3131 καὶ
967 3063 1402 3152 ὀρθογωνίου
1454 3064 1681 3133 κώνου
1734 3067 1969 3151 τομᾶς,
2033 3061 2110 3131 τὸ
2167 3061 2243 3131 δὲ
2299 3068 2513 3130 ΑΒΓ

457 3174 790 3257 τρίγωνον
838 3174 1004 3237 ἔστω
1049 3169 1176 3239 τᾶν
1224 3167 1438 3239 αὐτὰν
1484 3169 1685 3257 βάσιν
1733 3175 1887 3257 ἔχον
1933 3172 2023 3261 τῷ
2061 3165 2351 3255 τμάματι
2388 3168 2505 3235 καὶ

463 3410 466 3415 .
604 3371 686 3423 10.
727 3370 788 3419 Η
858 3368 908 3419 Ε
941 3366 1001 3421 F.
1190 3366 1346 3489 II'1·F
1375 3366 1434 3421 F.
1616 3370 1699 3420 11.
1739 3364 1878 3435 τῶν]
1928 3383 2029 3418 του
2076 3382 2181 3433 per
2216 3379 2341 3418 com
2386 3362 2501 3417 .F.

458 3444 543 3493 12.
583 3441 651 3505 A,
691 3439 740 3490 E
831 3460 846 3504 3
899 3453 1036 3492 corr.
1074 3438 1220 3493 Tore
1245 3438 1371 3491 hue.
1553 3442 1639 3491 22.
1677 3454 1866 3505 τμημα
1903 3434 1973 3500 F3
2021 3452 2159 3492 corr
2199 3435 2347 3488 Tore
2418 3451 2505 3502 ue,

456 3509 523 3562 ut
558 3507 656 3564 lin.
688 3512 775 3576 25,
805 3514 893 3565 27.
1003 3514 1088 3564 23.
1117 3528 1223 3578 την
1259 3527 1439 3577 αυτην
1467 3508 1540 3575 F3
1578 3524 1716 3563 corr.
1739 3505 2032 3561 Tol-allius,
2145 3511 2229 3561 27.
2260 3523 2413 3560 αντα
2438 3506 2503 3560 F.
