2659 3967
436 175 565 239 116
1181 179 1359 230 ΠΕΡΙ
1393 177 1694 231 mamm.

432 317 583 386 ποτὶ
636 315 758 386 τὸν
812 315 1064 386 κύκλον
1116 317 1240 386 τὸν
1283 317 1452 386 κατὰ
1497 319 1621 388 τὸν
1667 317 1880 389 αὐτὸν
1925 317 2227 408 ἀριθμὸν
2271 319 2460 408 λεγό-

432 451 641 512 μενον
694 436 839 505 ταῖς
883 438 1282 514 περιφοραῖς
1325 425 1536 512 λόγον
1583 431 1745 514 ἔχει,
1811 423 1894 494 ὃν
1941 426 2460 516 συναμφότερον

430 530 509 600 τό
562 555 635 600 τε
686 528 823 599 ὑπὸ
877 536 996 612 τᾶς
1051 535 1122 601 ἐκ
1176 536 1301 601 τοῦ
1354 532 1640 623 κέντρου
1691 536 1816 602 τοῦ
1867 531 2036 601 κατὰ
2080 530 2204 602 τὸν
2249 531 2459 602 αὐτὸν

430 635 730 726 ἀριθμὸν
772 637 1029 707 κύκλου
1072 639 1185 706 καὶ
1233 643 1353 720 τᾶς
1390 641 1461 707 ἐκ
1497 644 1620 707 τοῦ
1656 639 1940 728 κέντρου
1974 645 2096 708 τοῦ
2133 638 2299 708 κατὰ
2335 639 2458 709 τὸν

361 762 393 810 5
432 744 536 812 ἑνὶ
583 743 915 814 ἐλάσσονα
957 749 1087 813 τᾶν
1128 749 1510 836 περιφοράν
1555 746 1924 833 λεγομένου
1968 747 2081 815 καὶ
2121 746 2200 816 τὸ
2229 751 2459 835 τρίτον

430 851 633 941 μέρος
674 854 799 919 τοῦ
834 850 1258 939 τετραγώνου
1292 854 1420 920 τοῦ
1456 849 1589 920 άπὸ
1626 857 1745 933 τᾶς
1777 850 2132 944 ὑπεροχάς,
2177 844 2224 942 ᾇ
2258 849 2460 942 ὑπερ-

430 957 563 1044 έχει
608 953 653 1022 ἆ
701 957 773 1024 ἐκ
817 961 939 1025 τοῦ
984 959 1269 1048 κέντρου
1311 959 1437 1026 τοῦ
1485 963 1788 1045 μείζονος
1819 957 2074 1028 κύκλου
2106 963 2245 1028 τῶν
2281 963 2460 1049 εἰρη-

430 1063 655 1149 μένων
697 1066 817 1144 τᾶς
863 1065 935 1132 ἐκ
978 1067 1103 1132 τοῦ
1146 1063 1433 1152 κέντρου
1470 1068 1594 1134 τοῦ
1632 1064 1998 1146 ἐλάσσονος
2031 1063 2285 1134 κύκλου
2319 1070 2459 1135 τῶν

430 1170 803 1258 εἰρημένων
866 1171 1020 1240 ποτὶ
1081 1169 1156 1239 τὸ
1221 1169 1645 1261 τετράγωνον
1705 1169 1783 1240 τὸ
1849 1168 1982 1240 άπὸ
2037 1175 2157 1252 τᾶς
2210 1174 2280 1241 ἐκ
2333 1176 2460 1240 τοῦ

329 1294 394 1342 10
430 1276 714 1365 κέντρου
757 1281 880 1345 τοῦ
926 1282 1229 1364 μείζονος
1272 1275 1528 1344 κύκλου
1571 1281 1712 1346 τῶν
1757 1278 2146 1366 εἰρημένων.

1372 1471 1512 1545 κε’.

572 1595 663 1666 Τὸ
694 1595 1170 1685 περιεχόμενον
1207 1601 1460 1684 χωρίον
1496 1594 1629 1664 ὑπό
1667 1622 1737 1664 τε
1773 1600 1892 1676 τᾶς
1927 1597 2164 1682 ἕλικος,
2201 1593 2248 1663 ἅ
2276 1598 2456 1665 ἐστιν

430 1702 736 1774 ἐλάσσων
779 1707 899 1784 τᾶς
934 1705 1009 1772 ἐν
1046 1708 1167 1792 μιᾷ
1214 1706 1549 1793 περιφορᾷ
1591 1703 2072 1790 γεγραμμένας,
2109 1699 2234 1772 οὐκ
2270 1701 2459 1790 ἐχού-

328 1830 393 1879 15
432 1831 552 1892 σας
596 1811 800 1900 πέρας
843 1808 969 1879 τάν
1015 1807 1234 1901 ἀρχὰν
1270 1813 1390 1890 τᾶς
1435 1811 1652 1889 ἕλικος
1695 1810 1809 1876 καὶ
1851 1812 1980 1876 τᾶν
2007 1806 2287 1878 εὖθέιᾶν
2331 1813 2457 1878 τᾶν

431 1916 563 1988 ἀπὸ
626 1921 765 1985 τῶν
820 1917 1125 2005 περάτων
1181 1914 1389 1996 αὐτοῖς
1444 1916 1551 1984 ἐπὶ
1603 1913 1729 1983 τάν
1785 1913 2003 2005 ἀρχὰν
2065 1919 2182 1996 τᾶς
2244 1917 2459 1996 ἕλικος

430 2021 728 2110 ἆγμέναν
782 2023 937 2091 ποτὶ
988 2022 1111 2091 τὸν
1164 2023 1370 2109 τομέα
1421 2021 1547 2092 τὸν
1593 2027 1832 2110 ἔχοντα
1875 2021 2002 2090 τάν
2048 2022 2172 2109 μὲν
2219 2024 2290 2090 ἐκ
2332 2025 2459 2090 τοῦ

428 2131 712 2217 κέντρου
768 2136 925 2196 ἴσαν
978 2133 1060 2218 τᾷ
1117 2134 1370 2215 μείζονι
1423 2131 1552 2196 τᾶν
1606 2125 1738 2197 ἀπὸ
1794 2133 1934 2198 τῶν
1989 2128 2295 2218 περάτων
2350 2126 2457 2196 ἐπὶ

428 2233 555 2304 τὰν
612 2233 830 2324 ἀρχὰν
883 2239 1001 2315 τᾶς
1054 2237 1272 2315 ἕλικος
1324 2232 1649 2321 άγμέναν,
1703 2231 1829 2303 τάν
1884 2235 1960 2304 δὲ
2006 2235 2457 2325 περιφέρειαν,

324 2359 393 2409 20
430 2339 475 2409 ἅ
522 2341 661 2408 ἐστι
706 2339 950 2427 μεταξὺ
995 2345 1124 2408 τᾶν
1170 2343 1532 2429 είρημέναν
1578 2338 1858 2409 εὐθειᾶν
1905 2341 2011 2410 ἐπὶ
2048 2340 2129 2409 τὰ
2171 2338 2342 2410 αὐτὰ
2375 2344 2458 2429 τᾷ

430 2448 619 2532 ἕλικι,
662 2451 909 2515 τοῦτον
954 2451 1087 2534 ἔχει
1132 2443 1255 2515 τὸν
1300 2445 1532 2534 λόγον,
1579 2443 1662 2514 ὃν
1699 2452 1831 2534 ἔχει
1868 2445 2346 2537 συναμφότερα
2380 2446 2458 2515 τό

428 2578 500 2621 τε
553 2551 1030 2643 περιεχόμενον
1083 2549 1218 2621 ὑπὸ
1275 2557 1401 2621 τᾶν
1457 2551 1591 2622 άπὸ
1646 2558 1784 2622 τῶν
1828 2553 2136 2642 περάτων
2183 2553 2290 2622 ἐπὶ
2333 2551 2458 2621 τὰν

429 2657 648 2749 ἀρχὰν
701 2662 820 2738 τᾶς
876 2660 1091 2737 ἕλικος
1145 2655 1446 2746 άγμέναν
1501 2660 1614 2728 καὶ
1667 2658 1745 2728 τὸ
1802 2665 2031 2748 τρίτον
2085 2659 2284 2747 μέρος
2335 2662 2457 2727 τοῦ

428 2765 852 2854 τετραγώνου
894 2768 1020 2832 τοῦ
1066 2761 1197 2832 ἀπὸ
1242 2769 1364 2845 τᾶς
1408 2763 1762 2854 ὑπεροχάς,
1811 2756 1856 2855 ᾇ
1901 2762 2205 2853 ὑπερέχει
2241 2763 2284 2833 ἆ
2321 2771 2457 2853 μεί-

324 2891 393 2941 25
434 2878 563 2954 ζων
616 2876 743 2940 τᾶν
796 2871 1159 2959 εἰρημέναν
1214 2869 1497 2939 εὐθειᾶν
1551 2875 1670 2950 τᾶς
1723 2869 2120 2957 ἐλάσσονος,
2172 2869 2324 2938 ποτὶ
2379 2869 2456 2940 τὸ

428 2975 852 3065 τετράγωνον
906 2975 982 3044 τὸ
1039 2975 1172 3045 ἀπὸ
1220 2981 1338 3057 τοῖς
1382 2982 1683 3064 μείζονος
1726 2981 1853 3045 τᾶν
1899 2973 2031 3044 άπὸ
2077 2981 2216 3045 τῶν
2261 2975 2459 3065 περά-

427 3108 565 3150 των
613 3083 718 3152 ἐπὶ
762 3080 890 3150 τὰν
935 3081 1154 3170 ἀρχὰν
1199 3087 1316 3164 τᾶς
1363 3085 1582 3162 ἕλικος
1625 3085 2147 3170 ἐπιζευχθεισᾶν.

566 3193 731 3257 ἔστω
796 3187 962 3274 ἕλιξ,
1026 3186 1135 3275 ἐφ’
1187 3180 1267 3268 οἷς
1330 3186 1372 3256 ἆ
1431 3194 1794 3273 ΑΒΓΔΕ,
1859 3176 2161 3257 ἐλάσσων
2211 3192 2330 3268 τᾶς
2384 3190 2458 3258 ἐν

432 3299 551 3384 μιᾷ
599 3299 935 3385 περιφορᾷ
980 3296 1464 3386 γεγραμμένας,
1512 3297 1761 3385 πέρατα
1809 3294 1886 3363 δὲ
1929 3292 2137 3376 αὐτοῖς
2182 3300 2349 3363 ἔστω
2376 3293 2456 3363 τὰ

574 3462 624 3511 4.
669 3449 770 3509 τὸν
810 3449 928 3526 ἑνί]
906 3453 1200 3594 Jsorifsi·
1250 3474 1321 3509 τα
1359 3474 1464 3526 μεν
1503 3474 1589 3510 ενι
1627 3455 1696 3510 F
1740 3474 1845 3526 μεν
1883 3474 1970 3510 ενι
2015 3454 2344 3526 Ο*1);μενι
2379 3455 2457 3522 V,

430 3545 502 3580 τα
547 3545 652 3596 μεν
701 3529 773 3596 A,
820 3526 907 3582 ed.
955 3526 1089 3582 Basi
1199 3527 1275 3598 τῷ
1324 3524 1431 3596 μὲν
1479 3521 1572 3582 ἑνί
1610 3477 1778 3596 Βᾶ,μ
1762 3526 2052 3582 Torellius.
2269 3531 2320 3582 8.
2358 3526 2460 3589 τᾶς
