2659 3967
574 49 599 82 Ι

396 169 527 232 174
581 169 971 222 ΕῘΠΠΕΔΩΝ
1006 170 1237 223 ΙΣΟΡΡ.
1274 170 1330 219 H
1364 167 1649 220 RENTPA
1683 165 1926 221 ΒΑΡΩΝ
1961 172 2171 226 ΕΠΙΠ.
2212 167 2295 226 Δ’.

390 311 467 380 δὲ
530 312 643 380 καὶ
701 309 744 378 ἆ
805 307 940 379 ὑπὸ
996 317 1197 378 ΑΒΘ
1253 313 1337 398 τᾷ
1391 305 1528 378 ὑπὸ
1585 316 1820 378 ΛΕΜ
1865 318 2000 378 ἶσα.
2091 309 2268 380 ὥστε
2323 311 2456 378 καὶ

388 417 589 486 λοιπὰ
634 415 678 485 ἆ
726 412 860 485 ὑπὸ
888 423 1091 493 &BF
1128 422 1346 503 γωνία
1390 423 1506 484 ἶσα
1551 415 1691 484 ἐστὶ
1727 420 1809 503 τᾷ
1847 413 1982 486 ὑπὸ
2011 424 2244 486 ΝΕΖ.
2320 415 2446 484 διὰ

387 527 595 592 ταῦτα
642 521 727 610 δὴ
773 523 992 593 πάντα
1039 520 1289 610 ὁμοίως
1330 528 1540 590 κείται
1585 520 1667 592 τὰ
1713 529 1792 608 Θ,
1838 531 1918 590 Ν
1956 536 2200 611 σαμεῖα
2253 523 2448 608 [ποτὶ

386 629 506 710 τὰς
560 628 937 718 ὁμολόγους
978 627 1271 718 πλευρὰς
1314 637 1465 708 ἴσας
1508 635 1757 715 γωνίας
1801 635 2036 714 ποιεῑ].
2112 631 2258 700 ἐπεὶ
2306 622 2444 700 οὖν

315 761 349 812 5
387 733 638 822 ὁμοίως
681 740 891 802 κείται
936 733 1017 803 τὰ
1050 742 1129 821 Θ,
1165 743 1245 802 Ν
1282 747 1546 821 σαμεῐα,
1589 741 1708 802 καί
1749 737 1887 803 ἐστι
1931 733 2010 804 τὸ
2040 738 2444 825 Θκκέντρον

382 845 507 911 τοῦ
562 842 805 930 βάρεος
859 846 983 910 τοῦ
1031 847 1240 910 ΑΒΓ
1275 841 1642 930 τριγώνου,
1698 842 1812 909 καὶ
1858 841 1934 910 τὸ
1984 851 2064 910 Ν
2101 842 2239 931 ἄρα
2285 845 2442 911 κέν-

382 974 549 1037 τρον
594 947 840 1037 βάρεος
882 952 1009 1016 τοῦ
1056 957 1124 1015 Δ
1136 956 1279 1017 ΕΖ.

1344 1169 1412 1228 ιγ
1445 1194 1460 1210 .

517 1261 789 1344 Παντὸς
842 1265 1179 1353 τριγώνου
1222 1264 1298 1335 τὸ
1347 1266 1628 1354 κέντρον
1676 1267 1811 1335 ἐστὶ
1857 1269 1980 1334 τοῦ
2026 1266 2274 1355 βάρεος
2321 1267 2434 1335 ἐπὶ

278 1399 345 1450 10
382 1375 502 1450 τᾶς
548 1368 841 1458 εὐθείας,
888 1370 935 1439 ἅ
981 1374 1161 1440 ἐστιν
1208 1377 1280 1439 ἔκ
1325 1399 1509 1452 τινος
1554 1379 1804 1459 γωνίας
1849 1373 1956 1440 ἐπὶ
2003 1376 2214 1460 μέσαν
2264 1372 2430 1459 ἆγο-

379 1478 549 1563 μένα
593 1476 721 1545 τὰν
767 1476 990 1563 βάσιν.

513 1587 679 1650 ἔστω
734 1589 1067 1671 τρίγωνον
1122 1583 1199 1654 τὸ
1249 1591 1470 1672 ΑΒΓ,
1525 1585 1637 1653 καὶ
1684 1589 1758 1654 ἐν
1804 1585 1985 1680 αὐτῷ
2033 1584 2077 1653 ἆ
2124 1596 2270 1654 ΑΔ
2317 1588 2428 1657 ἐπὶ

377 1691 589 1777 μέσαν
643 1686 769 1756 τὰν
816 1696 950 1757 ΒΓ
984 1690 1205 1777 βάσιν.
1299 1691 1629 1777 δεικτέον,
1685 1689 1788 1759 ὅτι
1837 1691 1942 1760 ἐπὶ
1987 1696 2108 1772 τᾶς
2153 1702 2301 1760 ΑΔ
2345 1675 2426 1761 τὸ

374 1797 655 1884 κέντρον
704 1796 843 1863 ἐστὶ
886 1801 1009 1865 τοῦ
1054 1797 1297 1886 βάρεος
1343 1800 1465 1866 τοῦ
1512 1805 1644 1866 ΑΒ
1657 1803 1728 1866 Γ.

270 1931 337 1983 15
509 1901 598 1990 μὴ
647 1902 801 1991 γάρ,
848 1900 999 1971 ἀλλ’
1052 1907 1114 1970 εἰ
1160 1904 1478 1992 δυνατόν,
1527 1909 1694 1973 ἔστω
1731 1905 1806 1974 τὸ
1837 1913 1915 1992 Θ,
1961 1906 2072 1974 καὶ
2113 1905 2426 1977 δια-τού-

369 3230 493 3274 του
546 3199 726 3293 παρὰ
780 3200 904 3271 τὰν
951 3210 1085 3272 ΒΓ
1131 3200 1324 3289 ἤχθω
1382 3197 1424 3268 ἁ
1471 3207 1596 3269 ΘΙ.
1687 3195 1792 3266 ἀεὶ
1840 3197 1924 3285 δὴ
1973 3203 2127 3287 δίχα
2173 3225 2412 3288 τεμνο-

371 3314 573 3401 μένας
631 3315 749 3391 τᾶς
794 3318 862 3378 Δ
873 3316 937 3378 Γ
986 3311 1269 3378 ἐσσείται
1324 3306 1499 3376 ποκὰ
1554 3303 1596 3374 ἆ
1642 3305 2169 3392 καταλειπομένα
2218 3309 2411 3375 ἐλάσ-

512 3533 563 3581 3.
603 3525 809 3597 ταῦτα]
846 3523 1149 3590 Torellius;
1188 3541 1258 3576 τα
1296 3539 1443 3574 αντα
1481 3517 1541 3588 F,
1577 3517 1765 3587 uulgo,
1903 3523 1953 3573 4.
1993 3517 2092 3574 καὶ
2131 3520 2256 3584 ἴσας
2295 3521 2410 3578 Το-
