2659 3967
380 117 511 182 184
575 121 965 172 ΕΙΠΠΕΔΩΝ
1000 123 1230 175 ΙΣοΡΡ.
1268 123 1323 172 Η
1359 123 1648 174 KENTPA
1683 122 1925 174 ΒΑΡῼΝ
1960 124 2166 176 Eum.
2203 117 2285 176 A'.

372 259 823 348 παραλλήλων
883 265 1365 350 διαιρεθείσας,
1430 260 1598 330 ὥστε
1657 261 1732 332 τὸ
1794 265 2018 350 τμᾶμα
2073 261 2282 342 αὐτᾶς
2332 262 2428 332 τό

269 399 287 417 ·
375 364 579 454 πέρας
625 371 779 454 ἔχον
824 366 953 436 τὰν
1002 373 1394 455 διχοτομίαν
1437 372 1556 448 τᾶς
1603 368 1968 448 ἐλάσσονος
2000 372 2125 436 τᾶν
2163 377 2418 457 παραλ-

374 472 601 559 λήλων
646 473 801 540 ποτὶ
845 473 921 541 τὸ
971 475 1213 542 λοιπὸν
1258 478 1482 562 τμᾶμα
1528 477 1774 543 τοῦτον
1811 479 1988 562 ἔχειν
2022 471 2143 542 τὸν
2181 473 2426 560 λόγον,

376 577 459 649 ὃν
508 584 639 668 ἔχει
686 579 1195 669 συναμφότερος
1241 578 1283 648 ἆ
1332 589 1446 648 ἶσα
1482 584 1564 670 τᾷ
1603 584 1922 670 διπλασία
1957 584 2075 660 τᾶς
2111 587 2426 667 μείζονος

306 701 341 751 5
378 686 540 774 μετὰ
587 690 707 766 τᾶς
744 687 1111 767 ἐλάσσονος
1146 687 1297 755 ποτὶ
1335 685 1459 755 τὰν
1499 691 1858 756 διπλασίαν
1894 691 2012 767 τᾶς
2049 686 2427 766 ἐλάσσονος

376 791 539 880 μετὰ
584 797 704 874 τᾶς
750 799 1050 880 μείζονος
1094 796 1221 860 τᾶν
1266 793 1730 881 παραλλήλων.

509 905 677 968 ἔστω
732 897 1083 989 τραπέζιον
1137 897 1214 968 τὸ
1262 905 1532 967 ΑΒΓΔ
1583 900 2050 989 παραλλήλους
2095 904 2248 986 ἔχον
2295 897 2426 978 τὰς

372 1017 440 1076 A
451 1018 551 1092 A,
598 1013 743 1093 ΒΓ,
788 1004 832 1074 ἆ
881 1007 957 1075 δὲ
1004 1014 1129 1074 ΕΖ
1176 1007 1650 1094 ἐπιζευγνυέτω
1697 1007 1816 1088 τὰς
1861 1012 2243 1095 διχοτομίας
2287 1007 2426 1072 τᾶν

374 1123 539 1199 ΑΔ,
585 1118 731 1180 ΒΓ.
822 1110 926 1180 ὅτι
985 1105 1111 1181 οὖν
1170 1114 1275 1182 ἐπὶ
1320 1117 1440 1194 τᾶς
1485 1121 1612 1182 ΕΖ
1657 1117 1796 1184 ἐστι
1840 1112 1916 1182 τὸ
1961 1115 2242 1201 κέντρον
2288 1114 2426 1179 τοῦ

269 2541 339 2590 10
373 2535 749 2616 τραπεζίου,
787 2528 1107 2617 φανερόν.
1171 2527 1291 2598 ἐὰν
1318 2527 1450 2616 γὰρ
1483 2531 1763 2618 ἑκβαλῇς
1789 2528 1908 2610 τὰς
1936 2534 2157 2618 ΓΔΗ,
2185 2537 2422 2616 ΖΕΗ,

372 2640 605 2720 ΒΑΗ,
654 2639 888 2721 δῆλον,
936 2633 1039 2703 ὅτι
1086 2635 1193 2702 ἐπὶ
1235 2633 1311 2703 τὸ
1364 2632 1528 2703 αὐτὸ
1579 2647 1858 2722 σαμεῑον
1905 2637 2232 2723 ἑρχόνται.
2309 2639 2412 2704 ἐσ-

372 2746 584 2808 σείται
631 2733 759 2808 οὖν
803 2745 929 2809 τοῦ
960 2747 1174 2810 ΗΒΓ
1199 2740 1536 2828 τριγώνου
1571 2739 1647 2808 τὸ
1686 2740 1969 2830 κέντρον
2006 2746 2128 2811 τοῦ
2167 2741 2422 2831 βάρεος

373 2847 480 2914 ἐπὶ
524 2852 645 2926 τοῖς
680 2853 839 2933 ΗΖ,
884 2848 997 2915 καὶ
1047 2844 1296 2934 ὁμοίως
1340 2851 1465 2914 τοῦ
1493 2852 1723 2914 ΑΗΔ
1767 2845 2104 2933 τριγώνου
2145 2845 2226 2916 τὸ
2267 2847 2415 2915 κέν-

372 2977 537 3039 τρον
592 2955 713 3020 τοῦ
770 2951 1013 3040 βάρεος
1070 2953 1176 3021 ἐπὶ
1230 2956 1354 3032 τᾶς
1398 2958 1553 3019 ΕΗ.
1645 2953 1757 3018 καὶ
1812 2957 2053 3020 λοιποῦ
2109 2951 2243 3040 ἄρα
2288 2956 2420 3021 τοῦ

270 3070 337 3121 15
375 3063 646 3124 ΑΒΓΔ
690 3065 1040 3144 τραπεζίου
1084 3056 1160 3126 τὸ
1209 3059 1494 3147 κέντρον
1542 3061 1663 3126 τοῦ
1702 3057 1945 3146 βάρεος
1981 3061 2267 3127 ἐσσείται
2307 3059 2422 3128 ἐπὶ

371 3167 491 3243 τᾶς
538 3168 680 3230 ΕΖ.
772 3164 1231 3251 ἐπιζευχθεῖσα
1286 3163 1363 3232 δὲ
1419 3160 1462 3230 ἆ
1508 3170 1648 3230 ΒΔ
1703 3162 2058 3252 διῃρήσθω
2115 3169 2210 3245 εἰς
2261 3171 2422 3254 τρία

374 3278 490 3339 ἶσα
542 3266 709 3337 κατὰ
764 3267 847 3336 τὰ
893 3276 989 3356 Κ,
1036 3276 1096 3336 Θ
1149 3282 1422 3358 σαμεῖα,
1477 3270 1590 3337 καὶ
1645 3267 1738 3337 δι’
1791 3267 2017 3338 αὐτῶν
2063 3269 2240 3358 παρὰ
2287 3270 2422 3346 τάν

520 3471 568 3521 1.
608 3485 716 3519 αυτ
755 3481 879 3520 cum
920 3481 1099 3536 comp.
1138 3485 1205 3535 ης
1240 3467 1301 3522 F.
1444 3472 1496 3523 2.
1533 3461 1663 3536 τάν]
1703 3486 1814 3521 των
1851 3465 1922 3536 F3
1959 3483 2103 3522 corr.
2133 3466 2421 3530 Riualtua.
