2659 3967
381 173 519 238 462

438 2123 527 2209 γ’.

1159 170 1636 228 FRAGMENTA.

598 318 813 401 γωνία
866 316 1235 403 περιέχεται
1288 312 1424 383 ὑπὸ
1469 313 1540 400 γ’
1586 317 1856 400 γωνιῶν
1903 314 2257 400 ἐπιπέδων,
2315 305 2411 383 ῶν

600 422 728 490 δύο
764 422 889 507 μὲν
928 423 1345 508 ἑξαγωνικαί,
1384 426 1504 507 μία
1539 419 1618 488 δὲ
1653 420 2038 509 τριγωνική,
2077 419 2246 490 ὥστε
2285 428 2408 490 λεί-

596 552 748 597 πειν
792 533 931 597 τῶν
978 529 1044 596 δ’
1094 526 1331 616 ὀρθῶν
1378 530 1536 614 μιᾶς
1573 524 1790 616 ὀρθνῆς
1823 532 2073 613 γωνίας
2108 527 2238 596 δύο
2275 552 2410 615 τρι-

595 640 957 722 τημορίοις.
1026 638 1226 722 τοῦτο
1274 639 1594 721 γεννᾶται
1641 636 1714 701 ἐκ
1747 636 1868 721 τῆς
1901 633 2168 720 πρώτης
2199 658 2408 722 πυρα-

590 746 789 828 μίδος
844 742 1340 828 διαιρουμένων
1393 738 1533 810 τῶν
1585 744 1898 829 πλευρῶν
1943 738 2156 827 αὐτῆς
2199 744 2298 820 είς
2339 740 2406 828 γ’

594 854 708 916 ἴσα
751 849 863 917 καὶ
907 847 1023 917 διὰ
1070 854 1208 917 τῶν
1252 853 1482 935 τομῶν
1529 849 1862 918 ἐπιπέδων
1901 850 2408 934 ἐκβαλλομένων

589 956 703 1023 καὶ
746 959 885 1024 τῶν
930 959 1201 1042 γωνιῶν
1246 958 1728 1024 ἐκπιπτουσῶν.
1827 1002 1834 1009 -

530 1114 547 1129 .
590 1060 1388 1151 τεσσαρεςκαιδεκάεδρον
1458 1062 1637 1151 (scil.
1705 1060 1781 1130 τὸ
1849 1060 2156 1149 πρῶτον)
2225 1084 2404 1149 περι-

588 1169 801 1256 έχεται
855 1164 987 1236 ὑπὸ
1048 1168 1171 1255 μὲν
1224 1167 1577 1256 τριγώνων
1631 1166 1724 1254 η’,
1778 1163 1912 1234 ὑπὸ
1960 1165 2036 1235 δὲ
2079 1166 2401 1254 τετραγω-

587 1300 732 1342 νων
768 1274 858 1360 ς’,
906 1279 1039 1362 ἔχει
1086 1274 1164 1342 δὲ
1208 1272 1499 1363 πλευρὰς
1543 1273 1686 1359 κδ’,
1731 1278 1982 1359 γωνίας
2019 1271 2098 1341 δὲ
2131 1271 2400 1360 στερεᾶς

589 1377 717 1465 ιβ’,
774 1379 1015 1469 ἑκάστη
1074 1380 1151 1449 δὲ
1196 1379 1430 1468 στερεὰ
1478 1386 1692 1466 γωνία
1737 1378 2103 1467 περιέχεται
2147 1376 2282 1446 ὑπὸ
2331 1378 2396 1445 δ’

582 1489 853 1572 γωνιῶν
900 1488 1254 1572 ἐπιπέδων,
1304 1478 1404 1557 ῶν
1451 1486 1579 1554 δύο
1619 1485 1744 1572 μὲν
1777 1484 2280 1572 τετραγωνικαί,
2326 1484 2395 1570 β’

584 1593 663 1661 δὲ
704 1600 1115 1680 τριγωνικαί,
1162 1590 1332 1661 ῶστε
1377 1599 1632 1661 λείπειν
1675 1596 1814 1661 τῶν
1861 1591 1931 1659 δ’
1971 1587 2208 1679 ὀρθῶν
2243 1595 2396 1679 μιᾶς

579 1706 832 1785 Υγωνίας
880 1698 1097 1788 ὀρθῆς
1143 1699 1271 1768 δύο
1308 1703 1778 1788 τριτημορίοις.
1838 1701 2043 1765 τοῦτο
2080 1702 2398 1783 γεννᾶται

582 1807 655 1873 ἐκ
706 1810 831 1875 τοῦ
884 1806 1104 1892 κύβου
1159 1806 1656 1894 διαιρουμένων
1702 1809 1856 1893 δίχα
1903 1808 2042 1873 τῶν
2087 1808 2394 1891 πλευρῶν

581 1909 793 1981 αὐτοῦ
840 1914 953 1981 καὶ
998 1911 1113 1981 διὰ
1161 1917 1299 1982 τῶν
1344 1916 1574 2000 τομῶν
1621 1912 1951 1981 ἐπιπέδων
1999 1911 2391 1996 ἐκβαλλομέ-

579 2044 747 2104 νων,
790 2024 927 2089 τῶν
974 2019 1043 2106 η’
1076 2024 1366 2106 ’γωνιῶν
1413 2022 1891 2088 ἐκπιπτουσῶν.

570 2125 1375 2214 τεσσαρεσκαιδεκάεδρον
1435 2128 1599 2211 (scil.
1659 2123 1739 2193 τὸ
1801 2121 2150 2213 δεύτερον)
2213 2146 2391 2210 περι-

575 2232 789 2317 έχεται
843 2228 975 2300 ὑπὸ
1035 2230 1159 2319 μὲν
1214 2230 1653 2319 τετραγώνων
1701 2229 1790 2315 ς’,
1845 2226 1980 2299 ὑπὸ
2027 2229 2105 2298 δὲ
2149 2227 2392 2315 ἑξαγώ-

578 2363 721 2405 νων
766 2336 861 2423 η’,
906 2342 1041 2424 ἔχει
1087 2337 1163 2405 δὲ
1207 2336 1501 2425 πλευρὰς
1536 2336 1674 2423 λς’,
1721 2341 1972 2423 γωνίας
2009 2335 2084 2404 δὲ
2121 2335 2391 2424 στερεὰς

572 2442 721 2530 κδ’,
776 2441 1017 2530 ἑκάστη
1064 2443 1141 2512 δὲ
1188 2442 1420 2533 στερεὰ
1466 2449 1680 2531 γωνία
1725 2443 2093 2531 περιέχεται
2137 2440 2274 2513 ὑπὸ
2319 2443 2385 2531 γ’

571 2554 841 2636 γωνιῶν
887 2550 1249 2637 ἐπιπέδων,
1303 2542 1403 2620 ῶν
1449 2550 1578 2619 δύο
1625 2549 1749 2637 μὲν
1797 2548 2222 2635 ἑξαγωνικαί,
2268 2555 2387 2635 μία

572 2654 650 2723 δὲ
674 2654 1142 2745 τετραγωνική.
1192 2658 1390 2725 τοῦτο
1419 2658 1738 2742 γεννᾶται
1767 2657 1838 2724 ἐκ
1863 2657 1988 2723 τοῦ
2017 2651 2385 2743 ὀκταέδρου

569 2762 975 2847 τεμνομένης
1032 2767 1224 2850 τρίχα
1279 2761 1560 2847 ἑκάστης
1611 2766 1750 2831 τῶν
1805 2758 2018 2831 αὐτοῦ
2072 2765 2384 2850 πλευρῶν

568 2868 681 2937 καὶ
728 2866 840 2937 διὰ
885 2872 1024 2949 τῶν
1068 2872 1297 2957 τομῶν
1344 2868 1675 2938 ἐπιπέδων
1723 2869 2231 2953 ἐκβαλλομένων
2271 2867 2382 2935 καὶ

566 2977 704 3042 τῶν
750 2972 815 3043 ς’
864 2978 1134 3060 γωνιῶν
1180 2976 1661 3043 ἐκπιπτουσῶν.

430 3079 516 3149 δ’.
562 3078 638 3147 τὸ
685 3076 763 3146 δὲ
799 3085 1028 3167 τρίτον
1068 3081 1237 3171 (scil.
1274 3084 1412 3149 τῶν
1449 3080 2195 3170 τετρακαιδεκαέδρων),
2242 3078 2379 3147 ἐπεὶ

566 3188 933 3273 περιέχεται
977 3186 1331 3275 τρνγῶνοις
1375 3186 1446 3273 η’
1494 3188 1608 3255 καὶ
1653 3184 2062 3273 ὀκταγῶνοις
2107 3186 2195 3269 ς’,
2251 3186 2379 3266 ἕξει

566 3290 837 3381 στερεὰς
894 3292 1018 3380 μὲν
1076 3299 1327 3378 γωνίας
1380 3292 1500 3364 κδ’
1557 3290 1826 3381 (ἑκάστη
1883 3291 1960 3360 δὲ
2013 3292 2377 3382 περιέχεται

344 3452 579 3522 digessit
612 3451 958 3521 Hultschiue,
997 3467 1164 3521 quem
1200 3451 1383 3508 secuti
1419 3470 1627 3521 sumus,
1664 3451 1775 3507 nisi
1811 3452 1960 3523 quod
1997 3446 2058 3506 δ’
2097 3452 2197 3510 lin.
2239 3455 2372 3507 1-5

347 3538 446 3578 suo
483 3522 609 3577 loco
644 3521 993 3592 reposuimus
1034 3522 1153 3592 (cfr.
1190 3522 1269 3578 III
1304 3541 1360 3593 p.
1403 3524 1582 3593 11⁷0).
