2659 3967
781 203 881 258 DE
915 203 1158 259 LINEIS
1196 202 1642 261 SPIRALIBUS.
2149 206 2232 269 13

174 346 885 415 circumuolutionibus
951 348 1478 436 circumaguntur
1539 354 1608 416 ct
1669 372 1892 415 rursus
1957 348 2029 414 in
2085 370 2234 413 eum

174 455 405 519 locum
434 454 895 541 restituuntur,
920 455 1091 521 unde
1120 457 1371 524 moueri
1399 461 1632 541 coepta
1657 460 1758 523 est
1785 456 1988 536 [linea
2004 457 2234 539 rectaJ,

176 561 361 643 dice,
438 562 659 645 spatio
732 562 803 625 in
876 563 1155 628 secunda
1229 563 1810 629 circumuolutione
1885 584 1926 626 a
2002 561 2232 646 spirali

180 667 445 733 adiecto
504 666 703 751 duplo
758 668 975 735 maius
1015 668 1157 735 fore
1202 670 1489 754 spatium
1535 670 1608 735 in
1648 669 1848 735 tertia
1894 666 2234 751 adiectum,

180 773 399 857 triplo
446 776 669 838 autem
714 775 943 839 maius·
970 775 1255 859 spatium
1298 776 1372 841 in
1419 780 1656 861 quarta
1689 774 2030 858 adiectum,
2077 796 2234 859 qua·

182 880 429 963 druplo
480 883 702 945 autem
750 881 1035 964 spatium
1079 882 1150 945 in
1196 882 1426 967 quinta.
1471 883 1812 967 adiectum,
1856 886 1923 947 et
1967 881 2234 947 omnino

186 986 409 1069 spatia
447 986 519 1049 in
556 986 979 1070 sequentibus
1014 988 1704 1055 circumuolutionibus
1735 988 1990 1054 adiecta
2015 987 2235 1053 multi-

187 1092 395 1175 plicia
436 1090 603 1175 fora,
647 1114 843 1178 quam
888 1094 1171 1178 spatium
1215 1095 1287 1159 in
1332 1095 1610 1161 secunda
1655 1095 2232 1161 circumuolutioue

186 1198 525 1263 adiectum
538 1246 559 1282 ,
598 1198 951 1265 secundum
988 1222 1405 1266 numerorum
1450 1202 1926 1286 insequentium
1973 1202 2232 1284 seriem3

186 1304 487 1388 spatium
508 1325 673 1369 uero
701 1305 769 1370 in
795 1305 1010 1389 prima
1028 1306 1612 1372 circumuolutione
1629 1307 2166 1391 comprehensum
2180 1306 2233 1395 ι)

184 1414 451 1476 sextam
486 1413 742 1494 partem
780 1432 921 1477 esse
960 1412 1153 1496 spatii
1190 1412 1261 1476 in
1288 1413 1573 1478 secunda
1597 1412 1834 1480 adiecti
1861 1416 2070 1498 [prop.
2099 1414 2232 1495 27].

187 1521 257 1581 et
318 1517 377 1581 si
436 1516 510 1580 in
556 1516 783 1601 spirali
825 1516 899 1581 in
942 1539 1073 1582 una
1118 1518 1692 1585 circumuolutione
1739 1519 2064 1604 descripta
2107 1520 2234 1585 duo

189 1626 443 1707 puncta
501 1627 872 1707 sumuntur,
924 1629 995 1690 et
1051 1625 1134 1689 ab
1188 1624 1271 1689 iis
1327 1625 1409 1690 ad
1463 1629 1836 1692 manentem
1889 1626 2234 1691 terminum

188 1730 409 1793 lineae
488 1728 915 1795 circumactae
978 1729 1301 1795 ducuntur
1363 1731 1603 1816 lineae,
1676 1736 1744 1798 et
1815 1732 1940 1797 duo
2007 1732 2232 1797 circuli

194 1835 681 1917 describuntur,
742 1855 1019 1919 quorum
1074 1841 1367 1902 centrum
1423 1841 1526 1902 est
1577 1839 1888 1921 punctum
1943 1858 2233 1923 manens,

196 1941 361 2005 radii
438 1943 657 2005 autem
730 1941 941 2006 lineae
1014 1942 1095 2007 ad
1169 1946 1540 2009 manentem
1613 1943 1960 2009 terminum
2015 1944 2234 2010 lineae

194 2046 458 2131 ductae,
514 2051 582 2112 ct
627 2048 841 2113 minor
894 2048 1214 2115 linearum
1260 2049 1600 2115 ductarum
1645 2050 2038 2136 producitur,
2073 2052 2235 2134 dice,

202 2153 491 2236 spatium
537 2153 1075 2237 comprehensum
1113 2176 1191 2220 eo
1238 2156 1494 2221 ambitu
1531 2157 1756 2222 circuli
1793 2157 2075 2242 maioriS,
2122 2159 2234 2244 qui

202 2260 273 2323 in
328 2259 551 2324 eadem
607 2264 795 2343 parte
850 2265 977 2345 est,
1030 2262 1101 2325 in
1157 2284 1286 2346 qua
1332 2266 1435 2327 est
1470 2264 1756 2348 spiralis·‚
1811 2265 1981 2330 inter
2025 2266 2233 2331 lineas

202 2365 476 2449 positus,
521 2372 590 2431 et
634 2366 861 2450 spirali
906 2371 973 2432 et
1027 2368 1199 2433 linea
1243 2368 1561 2452 producta
1605 2369 1688 2435 ad
1734 2372 2015 2455 spatium
2062 2393 2235 2436 com-

202 2471 595 2556 prehensum
660 2472 912 2538 ambitu
975 2474 1194 2539 circuli
1258 2475 1532 2539 minoris
1599 2479 1665 2540 et
1729 2477 1953 2541 eadem
2008 2476 2236 2560 spirali

202 2582 275 2641 ct
318 2578 489 2642 linea
530 2580 845 2645 terminos
891 2600 1113 2645 earum
1149 2580 1450 2665 iungenti
1493 2604 1637 2647 eam
1683 2583 2057 2649 habiturum
2093 2606 2236 2651 esse

204 2684 551 2769 rationem,
618 2708 811 2770 quam
878 2686 1121 2752 habeat
1182 2687 1402 2752 radius
1463 2689 1688 2754 circuli
1753 2690 2024 2755 minoris
2089 2713 2235 2756 cum

211 2789 455 2856 duabus
511 2792 805 2875 partibus
861 2812 1187 2876 excessuS,
1244 2814 1374 2877 quo
1419 2794 1642 2859 radius
1701 2783 1927 2858 circuli
1971 2795 2234 2860 maioris

208 2896 459 2960 radium
486 2896 753 2961 minoris
784 2897 1009 2962 circuli
1028 2898 1311 2977 excedat,
1343 2899 1423 2963 ad
1443 2899 1693 2963 radium
1721 2899 1942 2963 circuli
1962 2899 2234 2967 minoris

208 3024 353 3066 cum
396 3002 596 3067 tertia
640 3005 825 3085 parte
874 3003 1159 3068 eiusdem
1198 3026 1496 3070 excessus
1551 3006 1758 3089 [prop.
1795 3005 1930 3087 28].
2003 3006 2236 3074 horum

352 3198 404 3262 1)
440 3193 585 3248 Puto
622 3152 976 3249 scribendum
1014 3212 1159 3251 esse=
1196 3196 1559 3265 περιλειφθὲν
1595 3197 1692 3254 lin.
1733 3203 1783 3253 9.

216 3388 354 3441 flexu
386 3387 452 3442 F.
602 3394 687 3443 24.
725 3390 841 3477 ⁸3⁸!
878 3389 943 3459 F,
980 3390 1170 3460 uulgo.
1324 3397 1412 3447 25.
1449 3384 1512 3479 ᾆξ’]
1552 3411 1620 3455 ας
1655 3391 1723 3459 F;
1763 3409 1902 3476 corr.
1941 3393 2235 3448 Torellius.

352 3464 437 3513 26.
476 3461 730 3528 μείζονος
763 3464 973 3516 avalon
1014 3492 1079 3503 -
1117 3478 1173 3529 p.
1204 3467 1289 3529 14,
1332 3469 1388 3516 1:
1427 3480 1664 3532 κεντρου
1699 3482 1802 3518 του
1841 3478 1949 3520 om.
1988 3464 2056 3530 13⁸3
2097 3478 2235 3518 corr.

218 3528 512 3598 Torellius,
548 3530 657 3585 nisi
692 3531 843 3599 quod
879 3547 988 3588 om.
1027 3532 1268 3587 alterum
1304 3533 1408 3587 τοῦ
1451 3534 1549 3589 lin.
1587 3534 1706 3589 27.'
