2659 3967
514 213 526 223 ,
617 163 711 218 DE
751 164 1161 220 PLANORUM
1200 163 1839 230 AEQUILIBRHS·etc.
2121 163 2251 229 169

199 311 474 390 ΒΛΙἾ.
546 309 677 372 iam
726 311 1035 394 quoniam
1081 309 1401 394 trianguli
1438 313 1651 374 ΑΒΔ
1695 312 1989 374 centrum
2035 309 2252 394 graui-

200 417 377 480 tatis
417 420 520 481 est
552 420 865 501 punctum
894 421 972 500 E,
1008 417 1319 502 trianguli
1351 421 1573 482 autem
1601 420 1669 480 Δ
1677 417 1812 480 ΒΓ
1836 420 2148 500 punctum
2177 421 2250 500 Z,

202 523 504 608 adparet,
538 523 1011 608 magnitudinis
1049 544 1128 588 ex
1163 527 1442 609 utroque
1477 523 1811 608 triangulo
1849 523 2250 607 compositae

206 627 307 708 [h.
346 649 399 694 e.
433 630 1033 715 parallelogrammi
1060 632 1355 710 ΑΒΓΔ]
1395 633 1686 695 centrum
1723 628 2070 715 grauitatis
2109 650 2251 694 esse

208 738 535 820 punctum
591 735 875 801 medium
928 736 1143 801 lineae
1189 739 1342 820 EZ,
1396 735 1568 820 quod
1615 739 1716 800 est
1759 739 2071 819 punctum
2118 732 2253 821 al)

1173 983 1286 1051 XI.

355 1104 424 1172 Si
480 1107 619 1172 dati
674 1112 827 1174 sunt
882 1109 1011 1174 duo
1066 1109 1385 1192 trianguli
1441 1109 1614 1173 inter
1661 1131 1730 1174 se
1777 1107 2023 1174 similes
2071 1113 2137 1173 et
2179 1083 2252 1174 iii

208 1213 299 1278 iis
359 1216 603 1298 puncta
656 1215 958 1280 similiter
1010 1215 1255 1300 posita,
1315 1218 1384 1279 et
1431 1215 1706 1279 alterum
1751 1219 2063 1300 punctum
2109 1216 2252 1280 eius

208 1318 558 1405 trianguli,
622 1320 692 1385 in
747 1343 874 1407 quo
932 1324 1056 1405 est,
1111 1325 1411 1386 centrum
1465 1322 1814 1406 grauitatis
1870 1324 1996 1407 est,
2049 1323 2250 1387 etiam

208 1425 537 1511 reliquum
583 1432 895 1511 punctum
944 1428 1081 1492 eius
1127 1427 1462 1512 trianguli,
1505 1428 1576 1492 in
1622 1449 1749 1513 quo
1789 1430 1909 1511 est,
1955 1430 2250 1492 centrum

210 1534 320 1597 est
363 1531 729 1617 grauitatis.
792 1537 1036 1617 puncta
1074 1536 1293 1599 autem
1330 1535 1403 1598 in
1438 1533 1666 1618 figuris
1705 1533 2031 1599 similibus
2071 1535 2249 1599 simi·

207 1639 367 1703 liter
418 1639 637 1723 posita
692 1659 832 1704 esse
880 1639 1185 1724 dicimus,
1240 1661 1279 1703 a
1324 1638 1559 1723 quibus
1607 1659 1771 1723 quae
1820 1637 1902 1702 ad
1948 1641 2253 1723 aequales

210 1745 495 1828 angulos
534 1745 853 1810 ducantur
888 1745 1120 1829 lineae,
1157 1767 1304 1810 cum
1341 1745 1656 1809 lateribus
1682 1744 1858 1809 inter
1887 1766 1954 1825 se
1982 1767 2248 1830 respon-

217 1850 523 1916 dentibus
572 1852 875 1936 aequales
925 1852 1202 1938 angulos
1249 1848 1612 1938 efficiant.²)

352 1975 483 2039 sint
531 1973 657 2039 duo
702 1976 1025 2061 trianguli
1071 1977 1287 2058 ΑΒΓ,
1335 1979 1403 2038 Δ
1412 1979 1555 2058 ΕΖ,
1603 1979 1668 2040 et
1714 1976 1801 2040 sit

551 2096 1928 2182 AF2A2=A32AE=BF2EZ⁸),

208 2225 283 2286 et
325 2223 395 2286 in
440 2223 791 2308 triangulis
836 2223 971 2288 illis
1018 2224 1319 2289 similiter
1354 2225 1570 2309 posita
1608 2225 1742 2291 sint
1775 2228 2016 2310 puncta
2048 2229 2124 2308 Θ,
2160 2228 2254 2309 Ν,

210 2331 284 2393 et
328 2333 387 2394 Θ
439 2333 755 2414 punctum
806 2334 1099 2395 centrum
1147 2331 1493 2416 grauitatis
1542 2331 1629 2396 sit
1673 2332 1988 2416 trianguli
2035 2335 2254 2398 ABR

365 2542 419 2608 1)
466 2539 615 2593 Nam
668 2555 737 2593 ex
791 2539 1095 2610 hypothesi
1149 2543 1237 2596 est
1292 2542 1407 2594 ΕΘ
1434 2565 1502 2586 --ι
1534 2542 1653 2597 ΘΖ.
1745 2540 2088 2596 audiendum
2143 2543 2252 2608 est,

211 2612 483 2680 punctum
529 2611 579 2664 Θ
613 2609 674 2664 id
710 2627 831 2665 esse
868 2613 1159 2678 punctum,
1194 2610 1253 2666 in
1291 2627 1404 2680 quo
1443 2611 1706 2666 diametri
1744 2613 2094 2666 concurrant.

360 2701 415 2764 2)
452 2698 595 2752 Mihi
632 2714 852 2768 quoque
890 2699 1031 2753 haec
1067 2699 1243 2754 uerba
1278 2717 1349 2755 ex
1384 2701 1592 2770 postul.
1623 2705 1654 2754 5
1691 2699 1968 2755 inutiliter
2004 2697 2253 2768 repetita

214 2771 483 2837 suspecta
518 2772 665 2837 sunt,
704 2770 801 2824 sed
838 2769 1015 2824 satius
1051 2770 1202 2834 duxi,
1239 2788 1386 2825 nunc
1423 2771 1626 2826 saltem
1655 2786 1724 2824 ea
1747 2771 2081 2839 relinquere,
2117 2786 2248 2823 cum

212 2839 507 2907 postulata
551 2840 655 2894 illa
694 2841 892 2895 eodem
929 2841 1098 2894 modo
1136 2841 1461 2912 saepissime
1497 2858 1599 2912 per
1633 2843 1817 2895 totum
1853 2841 2003 2895 hunc
2037 2839 2251 2894 librum

210 2914 569 2978 repetantur,
622 2910 721 2981 qui
763 2911 877 2965 loci
922 2914 1023 2965 aut
1068 2928 1260 2966 omnes
1307 2911 1582 2966 subditiui
1617 2914 1748 2966 sunt
1783 2914 1884 2966 aut
1918 2927 2112 2966 omnes
2149 2928 2248 2980 ge-

212 2979 397 3048 nuini3
437 2985 627 3036 utrum
661 2981 785 3037 ueri
812 2981 1051 3037 similius
1079 2982 1171 3050 sit,
1206 2985 1331 3036 tum
1359 2983 1656 3037 diiudicari
1682 2982 1910 3051 poterit,
1947 2982 1996 3037 si
2023 2983 2252 3052 quando

214 3050 288 3105 de
325 3050 657 3122 integritate
693 3052 860 3106 huius
898 3052 1030 3106 libri
1067 3055 1380 3121 quaesitum
1419 3052 1543 3108 erit.

354 3145 407 3208 3)
444 3140 514 3195 Η.
554 3157 600 3196 e.
640 3140 715 3194 sit
750 3143 1009 3192 ΑΒΓΜ
1038 3141 1205 3193 ΔΕΖ
1244 3138 1422 3209 (Euel.
1459 3139 1555 3209 VI,
1593 3141 1666 3210 4).

212 3372 341 3423 sent
375 3369 719 3441 Barrowius,
758 3387 953 3426 censor
989 3370 1261 3438 Ienensis‚
1298 3370 1538 3426 Nizzius.
1683 3373 1921 3440 λεγομεν
1956 3371 2018 3440 F,
2053 3371 2248 3442 uulgO.

217 3445 303 3494 13.
341 3459 606 3495 ποιουσιν
633 3442 695 3508 F,
733 3442 934 3510 uulgo;
972 3442 1207 3496 ποιῶντι
1245 3441 1540 3497 Torellius.
1657 3447 1738 3494 14.
1768 3459 1907 3508 προς
1934 3458 2035 3512 per
2064 3457 2251 3513 comp.

209 3510 285 3581 1³⁸3
324 3528 463 3567 corr.
504 3511 803 3582 Torellius,
840 3515 906 3567 ut
940 3511 1037 3567 lin.
1079 3519 1145 3568 16
1183 3512 1287 3583 bis,
1327 3519 1412 3583 1⁷,
1453 3517 1537 3581 18,
1574 3531 1627 3583 p.
1671 3516 1790 3581 170,
1830 3517 1880 3566 9.
