2659 3967
399 186 538 253 378
725 187 824 243 DE
859 186 972 256 113,
1011 187 1208 253 QUAE
1246 186 1326 241 IN
1354 185 1651 243 -HUMIDO
1689 185 2117 243 UEHUNTUR.

1364 366 1487 435 ΠΙ.

537 492 747 560 Recta
804 494 1021 578 portio
1077 494 1443 579 reetanguli
1498 493 1883 579 conoidalis‚
1944 492 2201 577 quando
2250 513 2438 557 axem

402 599 706 665 habuerit
749 622 881 665 non
928 590 1241 665 maiorem
1288 622 1482 686 quam
1532 598 1863 665 emiolium
1910 599 2075 683 eine,
2120 620 2287 685 quae
2336 621 2444 663 us-

405 727 530 789 que
579 703 660 769 ad
709 726 914 791 axem,
965 727 1222 772 omnem
1268 706 1758 791 proportionem
1802 704 2053 770 habens
2101 705 2183 769 ad
2226 705 2441 771 humi·

313 822 364 871 =5
404 812 556 877 dum
620 811 691 875 in
753 811 1106 897 grauitate,
1171 810 1441 877 dimissa
1499 811 1569 876 in
1632 810 1900 876 humido
1948 812 2068 896 ita,
2130 815 2205 877 ut
2260 811 2442 877 basis

401 918 608 1003 ipsius
653 921 798 984 tota
843 919 932 984 sit
975 919 1046 982 in
1081 917 1368 1003 humido,
1413 919 1631 1002 posita
1667 916 2003 1001 inclinata,
2046 938 2179 982 non
2214 921 2443 983 manet

401 1025 734 1109 inclinata,
779 1024 894 1089 sed
938 1024 1318 1090 restituetur
1362 1024 1459 1089 ita
1464 1074 1485 1114 ,
1532 1028 1606 1089 ut
1652 1024 1789 1089 axis
1834 1024 2040 1108 ipsius
2089 1024 2443 1089 seeundum

399 1129 998 1216 perpendicularem
1045 1129 1150 1193 sit.

537 1235 907 1302 dimittatur
954 1235 1125 1299 enim
1173 1235 1394 1321 aliqua
1437 1236 1653 1321 portio
1699 1236 1770 1301 in
1814 1234 2174 1320 humidum,
2220 1236 2438 1320 qualis

290 1354 364 1404 10
401 1343 580 1409 dieta
625 1347 743 1428 est,
787 1345 852 1406 et
899 1341 985 1407 sit
1030 1342 1236 1425 ipsius
1281 1344 1462 1408 basis
1492 1332 1578 1407 'in
1621 1342 1911 1411 humido.
1994 1347 2173 1409 secta
2219 1345 2471 1417 autem,

399 1449 602 1537 plano
649 1471 766 1533 per
813 1470 997 1515 axem
1033 1452 1214 1515 recto
1254 1447 1337 1514 ad
1376 1449 1780 1534 superficiem
1814 1448 2066 1515 humidi
2103 1449 2307 1515 seetio
2346 1449 2441 1514 sit

400 1578 568 1642 quae
596 1554 863 1622 APOL
897 1556 1264 1640 reetanguli
1301 1557 1451 1623 coni
1488 1557 1690 1622 sectio
1730 1554 1908 1643 [περὶ
1936 1580 2094 1623 κων.
2129 1558 2259 1640 11],
2296 1556 2442 1621 axis

398 1667 621 1729 autem
658 1662 976 1746 portionis
1016 1666 1082 1727 et
1119 1661 1437 1728 diameter
1474 1662 1782 1729 sectionis
1821 1685 1986 1748 quae
2013 1662 2162 1748 PF,
2208 1684 2439 1747 super-

397 1769 569 1835 ficiei
618 1773 837 1835 autem
882 1768 1136 1834 humidi
1181 1769 1381 1834 sectio
1428 1769 1519 1835 sit
1555 1790 1722 1855 quae
1752 1769 1804 1833 I
1803 1768 1858 1837 S
1864 1796 1879 1856 3
1926 1774 1993 1835 et
2028 1770 2086 1835 si
2121 1770 2445 1837 inclinata

285 2964 354 3014 15
393 2940 564 3006 iacet
607 2940 845 3026 portio,
892 2964 1027 3008 non
1071 2943 1197 3007 erit
1242 2940 1597 3010 seeundum
1628 2938 2429 3027 perpendicularem-axis.

391 3066 528 3112 non
593 3067 748 3133 ergo
809 3045 1010 3113 faciet
1064 3042 1240 3132 'quae
1298 3047 1439 3115 PF
1494 3047 1768 3133 angulos
1826 3045 2129 3131 aequales
2184 3044 2267 3110 ad
2311 3043 2363 3109 Ι
2362 3043 2437 3113 S.

392 3154 665 3219 dueatur
712 3155 930 3217 autem
976 3153 1292 3237 quaedam
1341 3174 1505 3239 quae
1541 3154 1614 3217 K
1621 3157 1689 3219 Ω.
1734 3153 2255 3249 aequedistanter
2297 3150 2435 3235 ipsi

491 3399 504 3411 ·
535 3334 586 3386 3.
623 3326 1069 3401 manaim-em]
1106 3326 1383 3399 Torellius
1414 3346 1469 3411 p.
1498 3326 1707 3394 XV111;
1750 3326 2090 3410 „mmorem“
2127 3326 2431 3393 Tartalea3

392 3402 738 3467 „mmorem“
787 3397 998 3454 Comm.
1181 3405 1230 3454 9.
1279 3398 1490 3472 quahs]
1538 3398 1858 3469 „aequahs“
1906 3398 2189 3454 'Pax-talea.
2339 3402 2427 3453 13.

388 3469 680 3595 ssssrtigffi?
733 3470 945 3539 „sectio
984 3489 1067 3539 m,
1101 3472 1187 3541 s“
1235 3470 1516 3525 Tartalea.
1702 3475 1785 3527 14.
1824 3468 1899 3523 sit
1946 3469 2117 3540 quae]
2165 3468 2429 3539 „sitque“
