2659 3967
1032 177 1471 235 ARENARIUS.
1864 133 1875 144 ’
2134 135 2283 247 269

237 322 451 388 millia
509 321 874 406 myriadum
932 322 1352 388 secundorum
1408 345 1825 390 numerorum
1882 326 2101 391 unitas
2156 347 2269 390 uo-

238 433 421 497 cetur
467 429 810 497 tertiorum
855 449 1296 512 numerorum,
1352 433 1418 494 et
1460 434 1882 499 numerentur
1930 432 2269 498 tertiorum
2322 491 2329 497 .

238 557 657 610 numerorum
738 534 1028 600 unitates
1109 538 1202 598 et·
1255 535 1337 599 ab
1415 536 1778 602 unitatibus
1862 537 2129 608 decades
2204 543 2271 604 et

240 642 706 711 hecatontades
798 645 864 706 et
945 640 1250 706 chiliades
1333 645 1400 706 et
1480 645 1802 728 myriades
1886 646 1967 710 ad
2049 644 2271 712 decem

245 749 452 815 millia
515 747 903 832 myriadum.
995 751 1060 812 et
1125 747 1347 814 eodem
1411 751 1603 816 modo
1666 751 1865 817 etiam
1923 751 2269 819 tertiorum
2298 754 2339 818 3

218 874 658 928 ‘numerorum
731 854 968 918 decem.
1025 854 1232 918 millia
1300 855 1660 939 myriadum
1725 857 1939 924 unitas
2003 862 2271 924 uocetur

247 965 630 1046 quartorum
674 982 1115 1043 numerorum,
1167 964 1238 1024 et
1279 965 1656 1045 quartorum
1702 985 2117 1030 numerorum
2165 965 2271 1030 de·

248 1091 388 1136 cem
443 1067 654 1132 millia
709 1067 1076 1160 myriadum
1131 1068 1347 1132 unitas
1402 1073 1668 1134 uocetur
1720 1071 2103 1154 quintorum
2156 1093 2271 1136 nu-

245 1196 602 1258 merorum,
665 1176 730 1238 et
794 1195 1050 1256 semper
1111 1173 1236 1238 hoc
1297 1174 1487 1238 modo
1545 1177 1965 1258 procedentes
2018 1179 2273 1244 numeri

244 1277 663 1348 nominentur
717 1301 924 1363 usque
985 1278 1068 1344 ad
1122 1279 1342 1344 decem-
1392 1280 1599 1346 millia
1645 1283 2009 1367 myriadum
2052 1306 2273 1350 nume-

245 1410 470 1454 rorum
518 1387 760 1452 centies
807 1385 1044 1452 millies
1091 1386 1599 1454 millesimorum.
1691 1393 1758 1454 et
1806 1391 1966 1456 satis
2013 1391 2273 1474 quidem

247 1498 372 1578 est,
415 1515 717 1560 numeros
763 1493 938 1558 hunc
983 1493 1063 1558 ad
1109 1494 1303 1558 finem
1342 1496 1661 1584 cognosci.
1736 1495 1847 1560 sed
1882 1497 2035 1561 licet
2072 1497 2271 1562 etiam
2299 1501 2343 1562 4

248 1601 426 1666 ultra
479 1600 804 1688 progredi.
895 1621 1052 1664 nam
1095 1599 1377 1683 numeri,
1430 1622 1589 1686 quos
1634 1601 1843 1667 adhuc
1889 1623 2275 1668 commemo-

248 1708 562 1792 rauimuS‚
619 1705 872 1790 primae
924 1703 1180 1790 periodi
1224 1705 1474 1771 numeri
1515 1710 1850 1784 nocentur,
1896 1711 1963 1771 et
2004 1706 2275 1772 ultimus

250 1835 554 1880 numerus
601 1813 850 1897 primae
896 1811 1148 1897 periodi
1193 1811 1411 1876 unitas
1455 1819 1718 1878 uocetur
1762 1813 2122 1897 primorum
2156 1835 2273 1879 nu-

253 1941 578 1986 merorum
623 1918 940 1984 secundae
977 1919 1243 2002 periodi.
1307 1913 1527 1984 rursus
1565 1923 1779 1986 autem
1806 1920 2035 1986 decem
2072 1920 2277 1987 millia

251 2025 618 2110 myriadum
653 2025 1012 2108 primorum
1047 2047 1461 2090 numerorum
1498 2025 1809 2094 secundae
1844 2027 2098 2111 periodi
2134 2027 2274 2092 uni·

250 2140 358 2198 tas
402 2135 672 2198 uocetur
718 2131 1144 2197 secundorum
1188 2153 1596 2202 numerorum
1644 2132 1959 2199 secundae
2004 2133 2273 2218 periodi.

254 2242 322 2303 et
375 2238 598 2304 eodem
653 2237 847 2304 modo
905 2239 1106 2305 etiam
1160 2238 1395 2303 horum
1440 2238 1699 2304 ultimus
1745 2238 1963 2304 unitas
2008 2245 2277 2306 uocetur

250 2344 594 2410 tertiorum
665 2365 1080 2419 numerorum
1160 2344 1474 2410 secundae
1542 2343 1818 2428 periodi,
1890 2348 1957 2410 et
2024 2348 2276 2412 numeri

254 2472 507 2535 semper
563 2450 690 2517 hoc
748 2450 942 2516 modo
1003 2451 1425 2535 procedentes
1482 2450 1725 2533 periodi
1786 2452 2105 2517 secundae
2164 2475 2280 2518 no·

255 2558 586 2622 minentur
621 2579 824 2640 usque
862 2557 942 2622 ad
980 2556 1198 2622 decem
1237 2556 1445 2620 millia
1472 2556 1829 2640 myriadum
1858 2579 2276 2626 numerorum

255 2663 497 2730 centies
557 2662 792 2727 millies
843 2651 1364 2730 ‘millesimorunn
1454 2685 1673 2728 rursus
1732 2668 1944 2729 autem
2007 2663 2274 2730 ultimus

255 2791 562 2836 numerus
627 2768 948 2834 secundae
1011 2769 1264 2852 periodi
1329 2768 1549 2833 unitas
1601 2773 1866 2836 uocetur
1918 2769 2275 2854 primorum

254 2897 673 2942 numerorum
716 2875 950 2940 tertiae
995 2875 1276 2960 periodi,
1321 2879 1391 2940 et
1435 2896 1686 2958 semper
1729 2874 1849 2942 hoc
1896 2875 2087 2942 modo
2132 2898 2277 2961 pro-

257 2983 490 3048 cedant
541 3003 747 3066 usque
807 2982 888 3048 ad
934 2982 1156 3046 decem
1202 2981 1413 3046 millia
1457 2981 1817 3064 myriadum
1862 3003 2277 3050 numerorum

257 3087 502 3153 centies
565 3087 802 3152 millies
866 3087 1400 3153 millesimorum⁴
1434 3085 1685 3171 periodi
1748 3087 1984 3160 centies
2040 3089 2277 3154 millies

258 3241 478 3300 σούτων
512 3244 705 3314 uulgo.
868 3251 952 3300 13.
990 3265 1210 3314 πρωτης
1246 3245 1318 3313 Ες
1359 3262 1497 3301 corr.
1533 3244 1751 3300 Wallis.
1904 3253 1987 3301 14.
2025 3242 2275 3318 πρώτας]

257 3331 367 3370 om.
405 3315 475 3383 Ἐς
516 3331 654 3370 corr.
683 3314 746 3372 B.
859 3322 942 3370 16.
979 3312 1213 3384 πρώτων
1252 3317 1324 3371 ad
1362 3313 1634 3385 περιόδου
1668 3316 1767 3371 lin.
1799 3322 1863 3371 17
1889 3334 1997 3374 om.
2026 3318 2096 3384 13⁸3
2136 3333 2275 3374 corr.

255 3385 478 3440 wallis·
589 3392 674 3440 21.
716 3381 774 3449 ἐς
809 3382 933 3458 τοίς]
979 3403 1134 3442 εσται
1161 3388 1233 3454 F;
1271 3404 1413 3443 corr.
1440 3387 1661 3442 Wallis.
1770 3393 1853 3442 22.
1892 3408 2141 3474 uvotpt'oet
2178 3409 2279 3460 μυ-

258 3459 453 3524 ριαδες
488 3458 558 3524 F;
597 3459 794 3526 μυρίαι
830 3455 1100 3529 μυριάδες
1137 3459 1337 3528 uulgo;
1377 3475 1518 3514 corr.
1554 3457 1771 3515 Wallis.
1902 3465 1982 3516 25.
2020 3459 2144 3532 τας]
2184 3479 2278 3514 ται

259 3527 328 3594 13¹3
367 3543 508 3590 corr,
545 3527 768 3584 Wallis.
