2659 3967
419 159 552 225 298
870 160 1487 214 ΤΕΤΡΔΓΩΝΙΣΜΟΣ
1523 160 1990 215 ΠΑΡΔΒΟΛΗΣ.

419 302 874 391 ἐκδιδομένων
921 298 1436 390 ἄναγραψάντες
1482 294 1611 371 οὖν
1658 301 1870 372 αὐτοῦ
1917 301 2035 385 τὰς
2072 300 2455 385 ἆποὸειξίας

415 406 905 496 ἄποστέλλομες
977 411 1244 497 πρώτον
1307 408 1465 495 μὲν,
1538 406 1629 489 ὡς
1692 408 1805 478 διὰ
1866 415 2003 479 τών
2067 414 2453 498 μηχανικῶν

422 515 807 605 ἐθεωρήθη,
851 514 1016 604 μετὰ
1052 518 1263 583 ταῦτα
1301 514 1377 583 δὲ
1412 521 1545 600 καί,
1592 512 1684 595 ὥς
1721 515 1833 583 διὰ
1872 519 2013 585 τῶν
2047 542 2453 603 γεωμετρου·

419 623 646 709 μένων
716 620 1209 690 ἀποδεικνύναι.
1310 624 1767 710 προγραφέται
1838 621 1915 690 δὲ
1986 623 2098 690 καὶ
2161 636 2457 709 στοιχεῖα

347 743 380 793 5
418 726 670 797 κωνικὰ
718 740 949 817 χρεῖαν
995 732 1234 815 ἔχοντα
1279 730 1346 809 ἐς
1389 726 1515 796 τὰν
1560 725 1924 811 ἀπόδειξιν.
1997 734 2274 817 ἔρρωσο.

1391 951 1433 990 α
1464 977 1478 991 .

555 1054 650 1113 Εἰ
686 1073 772 1114 κα
815 1038 859 1136 ᾖ
907 1046 1342 1134 ὀρθογωνίου
1378 1046 1607 1115 κώνου
1641 1046 1834 1135 vopei,
1881 1045 1989 1135 ἐφ’
2030 1038 2113 1127 ἇς
2148 1045 2192 1113 ἆ
2230 1054 2459 1133 ΑΒΓ,

417 1144 462 1241 ᾗ
504 1151 579 1221 δὲ
617 1150 660 1219 ἆ
696 1152 820 1240 μὲν
848 1160 987 1221 BA
1022 1152 1201 1241 παρὰ
1238 1151 1363 1221 τὰν
1392 1153 1751 1242 διάμετρον
1788 1149 1829 1241 ἢ
1867 1153 2037 1222 αὐτὰ
2076 1153 2461 1241 διάμετρος,

419 1256 464 1326 ἆ
523 1258 599 1327 δὲ
644 1270 707 1327 A
716 1267 781 1328 Γ
819 1259 998 1349 παρὰ
1045 1258 1170 1328 τάν
1215 1259 1383 1329 κατὰ
1427 1258 1502 1328 τὸ
1550 1268 1607 1327 Β
1656 1259 2122 1340 ἐπιψαύουσαι)
2165 1265 2283 1341 τᾶς
2326 1266 2459 1329 τοῦ

316 1384 382 1432 10
418 1365 648 1435 κώνου
705 1370 945 1453 τομᾶς,
1003 1375 1118 1435 ἴσα
1172 1369 1459 1435 ἐσσείται
1514 1363 1556 1433 ἁ
1605 1374 1747 1433 AA
1791 1370 1872 1456 τᾷ
1921 1372 2071 1438 ΔΓ.
2160 1361 2290 1434 κᾶν
2337 1374 2461 1437 ἴσα

416 1464 461 1561 ᾗ
508 1469 550 1539 ἆ
599 1482 663 1540 A
674 1482 741 1541 A
785 1476 867 1562 τᾷ
906 1480 1060 1559 ΔΓ,
1105 1471 1519 1561 παραλλήλοι
1568 1472 1923 1541 ὢσούνται
1969 1500 2011 1540 α
2058 1498 2128 1541 τε
2165 1480 2301 1541 ΑΓ
2338 1475 2459 1541 καὶ

704 1646 782 1709 Ε
1161 1576 1203 1647 ἆ
1251 1578 1415 1647 κατὰ
1464 1579 1539 1647 τὸ
1585 1586 1642 1645 Β
1693 1577 2117 1660 ἐπιψαύουσα
2162 1583 2280 1660 τοῖς
2322 1584 2456 1648 τοῦ

1160 1686 1388 1755 κώνου
1433 1689 1656 1771 τομᾶς.

1758 1880 1851 1977 βξ.

311 2020 377 2071 15
1293 2012 1390 2072 El'
1454 2031 1538 2072 κα
1611 1996 1653 2092 ᾗ
1728 2002 2161 2094 ὀρθογωνίου
2220 2004 2455 2074 κώνου

539 2158 550 2171 .
1159 2110 1330 2199 τομὰ
1395 2108 1438 2178 ἆ
1495 2118 1722 2196 ΑΒΓ,
1786 2103 1831 2201 ᾖ
1895 2110 1972 2179 δὲ
2028 2108 2071 2178 ἆ
2130 2110 2255 2199 μὲν
2311 2118 2455 2180 ΒΔ

1159 2216 1340 2306 παρὰ
1394 2216 1517 2286 τάν
1575 2217 1933 2305 διάμετρον
1992 2213 2035 2304 ἢ
2083 2215 2253 2285 αὐτὰ
2304 2219 2455 2287 διά-

1163 2349 1422 2411 μετρος,
1466 2321 1508 2392 ἆ
1550 2323 1626 2392 δὲ
1654 2333 1718 2391 A
1728 2333 1795 2392 A
1804 2330 1869 2397 Γ
1895 2322 2075 2411 παρὰ
2112 2322 2238 2392 τὰν
2275 2325 2449 2393 κατὰ

464 2147 1077 2587 ΔΚ
1160 2429 1234 2499 τὸ
1283 2438 1343 2498 Β
1389 2429 1853 2511 ἐπιψαύουσαν
1897 2432 2014 2509 τᾶς
2059 2434 2181 2497 τοῦ
2222 2430 2455 2500 κώνου

304 2554 376 2602 20
1062 2523 1065 2532 ’
1160 2541 1397 2624 τομᾶς,
1462 2533 1505 2605 ἆ
1574 2536 1650 2604 δὲ
1694 2541 1829 2604 ΕΓ
1878 2539 1994 2617 τᾶς
2048 2540 2171 2605 τοῦ
2218 2536 2453 2606 κώνου

416 2610 492 2675 Δ
731 2608 810 2667 Δ
1037 2599 1130 2664 Γ
1158 2647 1366 2730 τομᾶς
1412 2641 1832 2724 ἐπιψαύουσα
1876 2640 2041 2709 κατὰ
2086 2640 2165 2710 τὸ
2211 2649 2297 2729 Γ,
2343 2646 2455 2712 ἐσ-

415 2750 696 2819 σούνται
741 2754 818 2818 αἱ
850 2706 1010 2837 BA,
1047 2758 1185 2818 BE
1227 2758 1383 2818 ἴσαι.

558 2971 608 3019 1.
646 2965 971 3031 αποὸειξεις
1008 2968 1422 3035 αποστελλομεν
1458 2962 1520 3030 Ρ,
1558 2963 1754 3088 uulgo&
1896 2968 1946 3019 8.
1984 2958 2021 3016 ἆ
2063 2960 2193 3033 μέν]
2234 2978 2342 3017 om.
2372 2960 2446 3027 Ρ;

413 3050 554 3089 corr.
593 3034 680 3089 ed.
719 3035 889 3090 Basil.
1039 3041 1121 3091 10.
1161 3053 1318 3091 aaron
1354 3052 1456 3105 pet
1494 3034 1754 3104 comp.F
1760 3078 1773 3102 ‚
1815 3034 2004 3104 uulgo.
2152 3032 2296 3102 ΔΓ]
2338 3035 2455 3085 ΑΓ

412 3104 475 3160 Ρ.
631 3123 722 3175 ιση
760 3103 828 3173 Ρ;
867 3122 1007 3160 cort.
1048 3107 1339 3162 Tol-allius,
1524 3112 1607 3159 11.
1646 3104 1715 3179 τᾷ
1755 3106 1899 3176 ΔΓ]
1940 3121 2049 3159 om.
2089 3102 2159 3171 Ρ;
2200 3118 2339 3159 corr.
2378 3103 2447 3158 B.

411 3195 537 3232 αιτε
575 3176 646 3242 Ρ,
685 3192 822 3230 corr
861 3175 924 3231 B.
1075 3182 1156 3231 12.
1197 3189 1586 3245 επιψαυουσαι
1622 3160 1698 3243 Ρ,
1734 3192 1872 3232 corr.
1913 3176 1975 3230 B.
