2659 3967
364 132 505 198 202
889 141 1279 194 ΕΠΙΠΕΔῼΝ
1313 144 1770 199 ῙΣοΡΡοΠῙΩΝ
1805 149 1850 200 Β
1869 141 1903 204 ’.

363 272 731 362 λειπόμενα
784 246 1105 368 τμάματα.
1198 288 1410 370 δῆλον
1466 278 1625 371 οὖν,
1682 285 1783 355 ὅτι
1832 287 1937 356 ἐπὶ
1982 293 2102 369 τᾶς
2148 295 2284 357 ΒΔ
2329 289 2418 358 τὸ

362 380 652 470 κέντρον
699 384 836 454 ἐστὶ
881 391 1005 455 τοῦ
1050 388 1314 478 βάρεος.

1353 612 1385 654 ε
1415 639 1430 654 .

503 708 599 768 Εἴ
634 728 720 770 κα
764 708 858 786 εἰς
903 710 1126 793 τμᾶμα
1171 710 1650 797 περιεχόμενον
1693 709 1825 782 ὑπὸ
1870 710 2143 795 εὐθείας
2178 740 2252 782 τε
2293 715 2416 782 καὶ

286 826 326 876 5
368 802 799 896 ὀρθογωνίου
842 811 1070 881 κώνου
1113 819 1320 900 τομᾶς
1367 814 1856 907 εὐθύγραμμον
1896 822 2198 910 ἐγγραφῇ
2237 847 2417 906 γνω-
2469 839 2478 844 “

368 915 597 999 ρίμως,
644 919 766 982 τοῦ
814 914 980 985 ὅλου
1023 919 1360 1008 τμᾶματος
1404 921 1479 991 τὸ
1527 925 1808 1013 κέντρον
1853 930 1976 994 τοῦ
2022 926 2266 1016 βάρεος
2303 929 2419 1012 ἐγ-

366 1017 655 1106 γύτερόν
715 1025 850 1090 ἐστι
909 1029 1027 1106 τᾶς
1092 1033 1398 1116 κορυφᾶς
1454 1035 1576 1100 τοῦ
1632 1032 1970 1119 τμοῖματος
2033 1027 2075 1118 ἢ
2140 1029 2214 1100 τὸ
2275 1037 2409 1101 τοῦ

369 1125 815 1213 ἐγγραφέντος
861 1128 1351 1222 εὐθυγράμμου
1395 1137 1694 1226 κέντρον.
1777 1137 1782 1144 ’

504 1235 669 1300 ἔστω
716 1233 791 1302 τὸ
840 1245 1047 1306 ΑΒΓ
1082 1245 1338 1328 τμᾶμα,
1386 1237 1536 1311 οἷον
1584 1244 1871 1335 εἰρήται,
1921 1245 2274 1335 διάμετρος
2320 1245 2407 1314 δὲ

256 1357 330 1406 10
368 1333 581 1404 αὐτοῦ
646 1335 689 1406 ἆ
746 1349 814 1408 Δ
822 1349 897 1411 Β.
988 1346 1099 1412 καὶ
1167 1349 1611 1438 ἐγγεγράφθω
1677 1354 1772 1430 εἰς
1836 1348 1998 1420 αὐτὸ
2066 1356 2412 1440 τρίγωνον

365 1446 633 1530 πρῶτον
680 1454 1032 1538 γνωρίμως
1074 1451 1151 1521 τὸ
1182 1461 1402 1542 ΑΒΓ,
1448 1456 1559 1524 καὶ
1596 1457 1949 1545 τετμοέσθω
1989 1455 2031 1525 o‘c
2064 1464 2204 1524 BA
2237 1457 2418 1524 κατὰ

645 2468 648 2479 '
783 2477 1454 2509 *L-

569 2529 654 2594 A
1367 2529 1446 2591 A
2131 2528 2218 2592 F
2237 2585 2242 2590 .

362 2641 441 2712 τὸ
489 2651 569 2730 Ε,
618 2642 787 2713 ὥστε
834 2639 1016 2730 εἶμεν
1064 2647 1424 2711 διπλασίαν
1468 2641 1595 2711 ταν
1642 2650 1775 2710 ΒΕ
1813 2649 1934 2723 τᾶς
1981 2650 2135 2711 ΕΔ.
2219 2647 2414 2710 ἔστιν

367 2741 493 2818 οὖν
556 2754 678 2819 τοῦ
735 2755 938 2830 ΑΒΓ
996 2751 1325 2838 τριγώνου
1387 2751 1667 2837 κέντρον
1730 2753 1852 2817 τοῦ
1906 2747 2150 2838 βάρεος
2203 2748 2280 2817 τὸ
2343 2756 2415 2816 Ε

366 2870 661 2942 σαμεῖον.
752 2855 1104 2944 τετμοέσθω
1170 2853 1255 2941 δὴ
1320 2860 1476 2940 δίχα
1540 2855 1814 2943 ἑκατέρα
1869 2858 1994 2922 τᾶν
2050 2862 2212 2942 ΑΒ,
2273 2861 2420 2923 ΒΓ

258 2978 327 3026 15
364 2959 531 3028 κατὰ
594 2961 675 3029 τὰ
733 2969 819 3047 Ζ,
875 2968 973 3047 Η,
1038 2961 1150 3028 καὶ
1215 2959 1328 3029 διὰ
1394 2964 1532 3028 τῶν
1580 2968 1666 3045 Ζ,
1721 2967 1802 3027 Η
1845 2960 2024 3051 παρὰ
2078 2961 2205 3029 τὰν
2261 2968 2406 3033 ΒΔ

365 3065 691 3154 ἄχθωσαν
746 3071 821 3135 αί
863 3074 1025 3153 ΖΚ,
1082 3073 1239 3135 ΛΗ.
1333 3069 1622 3136 ἐσσείται
1669 3064 1803 3156 ἄρα
1846 3071 1969 3136 τοῦ
2017 3067 2141 3152 μὲν
2187 3074 2402 3136 ΑΚΒ

364 3171 700 3259 τμάματος
744 3171 819 3240 τὸ
867 3175 1148 3261 κέντρον
1194 3177 1317 3242 τοῦ
1362 3171 1606 3262 βάρεος
1653 3173 1758 3241 ἐπὶ
1803 3177 1922 3254 τᾶς
1962 3181 2114 3260 ΖΚ,
2160 3178 2283 3242 τοῦ
2323 3174 2403 3242 δὲ

365 3285 422 3345 Β
435 3283 553 3346 ΓΛ
606 3279 942 3366 τμᾶματος
993 3278 1069 3348 τὸ
1126 3281 1408 3368 κέντρον
1461 3284 1585 3347 τοῦ
1631 3279 1876 3368 βάρεος
1923 3280 2028 3348 ἐπὶ
2074 3284 2190 3361 τᾶς
2236 3287 2400 3348 ΗΛ.

509 3499 559 3551 8.
600 3497 937 3567 ευθυγραμμ
974 3510 1102 3550 oum
1138 3510 1321 3564 comp.
1360 3515 1425 3550 ον
1463 3495 1534 3563 F;
1573 3510 1711 3550 corr·
1750 3495 1812 3549 B.
1975 3500 2059 3548 11.
2097 3496 2402 3564 τετμησθο
