2659 3967
474 172 611 238 346
932 171 1548 226 TETPAmmMoz
1584 170 2053 225 ΠΑΡΑΒΟΛΗΣ.

472 311 852 404 τριγω’νων,
900 316 1132 399 δῆλον,
1182 310 1285 381 ὅτι
1336 307 1483 396 [ὥς]
1527 307 1932 399 ἀμφοτέρων
1976 309 2203 380 αὐτῶν
2243 313 2389 380 ἐστι
2427 336 2510 379 τε-

477 420 909 510 τραπλάσιον.
998 417 1112 487 καὶ
1172 417 1313 487 ἐπεὶ
1373 415 1449 485 τὸ
1508 423 1716 486 ΑΒΓ
1763 423 2098 507 τρὴιωνον
2159 425 2324 486 ἴσον
2387 420 2510 486 ἐστὶ

479 531 574 620 τῷ
623 534 678 594 Ζ
732 529 987 616 χωρίῳ,
1040 522 1207 592 κατὰ
1262 521 1344 592 τὰ
1393 520 1564 591 αὐτὰ
1611 523 1687 592 δὲ
1730 523 1844 591 καὶ
1887 522 1970 592 τὰ
2017 531 2266 609 ΑΔΒ,
2331 527 2517 591 ΒΕΓ
2583 509 2590 722 ⁴

476 639 776 722 τρίγωνα
822 640 935 699 ἴσα
982 631 1119 700 ἐστὶ
1156 634 1247 725 τῳ”
1284 636 1361 699 H
1392 634 1638 721 χωρίῳ,
1685 626 1936 716 ὁμοίως
1972 629 2048 698 δὲ
2087 630 2512 718 ὃειχθησέτω

872 858 2107 1432 A

408 1477 444 1527 ὅ
480 1467 594 1534 καὶ
657 1465 737 1534 τὰ
804 1470 899 1548 εἰς
960 1465 1041 1534 τὰ
1107 1465 1620 1555 περιλειπόμενα
1680 1465 1988 1552 τμάματα
2043 1464 2522 1552 ἐγγραψάμενοι

480 1578 777 1662 τρίγωνα
838 1570 964 1640 τὰν
1026 1569 1240 1640 αὐτὰν
1304 1571 1510 1658 βάσιν
1575 1577 1814 1660 ἔχοντα
1868 1583 2011 1652 τοῖς
2063 1569 2520 1658 τμαμᾶτεσσιν
2593 1575 2595 1584 ²

479 1679 592 1748 καὶ
636 1677 812 1760 ὕψος
856 1676 931 1747 τὸ
981 1674 1147 1747 αὐτὸ
1197 1685 1311 1747 ἴσα
1359 1676 1558 1747 ἐόντα
1593 1683 1684 1771 τῷ
1714 1685 1794 1766 Θ,
1838 1679 1952 1748 καὶ
1987 1676 2067 1746 τὰ
2105 1679 2174 1758 ἐς
2211 1676 2297 1746 τὰ
2339 1677 2520 1748 ῧστε-
2595 1682 2597 1792 ι

481 1811 607 1873 ρον
660 1784 993 1874 γενόμενα
1046 1785 1353 1872 τμᾶματα
1406 1784 1879 1874 ἐγγραφόμενα
1921 1789 2221 1873 τρίγωνα
2269 1793 2394 1854 ἴσα
2437 1789 2518 1875 τῷ

480 1898 527 1958 Ι
566 1897 811 1985 χωρίῳ,
861 1892 1212 1981 σύμπαντα
1258 1890 1393 1982 ἄρα
1437 1890 1517 1960 τὰ
1563 1894 1976 1981 προτεθέντα
2010 1897 2224 1981 χωρία
2265 1899 2391 1962 ἴσα
2429 1894 2520 1960 ἐσ-
2598 1976 2599 2000 ¹

373 2007 445 2056 10
483 1998 764 2068 σούνται
808 1998 1179 2090 πολυγώνῳ
1224 2024 1360 2066 τινι
1407 2001 1806 2088 ἑγγραφέντι
1843 2003 1938 2080 εἰς
1970 1997 2050 2068 τὸ
2085 2003 2338 2086 τμᾶμα.
2410 2029 2524 2090 φα·
2598 2007 2599 2012 ’

480 2103 686 2192 νερὸν
734 2097 883 2191 οὖν,
932 2103 1036 2173 ὅτι
1084 2103 1417 2174 ἐλάσσονά
1463 2108 1602 2175 ἐστι
1646 2110 1769 2174 τοῦ
1815 2105 2170 2192 τμᾶματος.

1433 2326 1518 2386 κγ
1549 2353 1564 2368 .

615 2427 712 2488 Εἴ
746 2447 834 2488 κα
879 2423 1167 2508 μεγέθεα
1211 2425 1534 2492 τεθέωντι
1579 2425 1729 2512 ἑξῆς
1766 2427 1839 2494 ἐν
1875 2428 1968 2517 τῷ
2005 2433 2526 2513 τετραπλασίονι

483 2525 687 2620 λόγῳ,
732 2527 813 2598 τὰ
862 2527 1079 2597 πάντα
1115 2531 1404 2617 μεγέθεα
1439 2532 1553 2599 καὶ
1589 2535 1685 2599 ἔτι
1721 2535 1844 2601 τοῦ
1883 2534 2234 2619 ἐλαχίστου
2271 2531 2352 2602 τὸ
2395 2540 2526 2622 τρί-

378 2642 446 2692 15
481 2659 602 2703 τον
659 2637 859 2724 μέρος
914 2639 980 2717 ἐς
1023 2634 1099 2705 τὸ
1146 2634 1311 2705 αὐτὸ
1362 2640 1776 2706 συντεθέντα
1822 2641 2116 2727 ἐπίτριτα
2161 2639 2524 2710 ἐσσούνται

479 2746 605 2810 τοῦ
652 2749 985 2830 μεγίστου.

618 2853 785 2917 ἔστω
834 2841 962 2918 οὖν
1010 2846 1358 2918 ὁποσαοῦν
1395 2852 1684 2936 μεγέθεα
1722 2851 1870 2938 ἑξῆς
1904 2856 2178 2938 κείμενα
2211 2851 2299 2920 τὰ
2327 2862 2424 2939 Α,
2453 2862 2527 2938 Β,

484 2959 563 3039 Γ,
619 2962 716 3041 Δ,
772 2962 836 3022 Ε
886 2961 1413 3045 τετραπλασίονα
1468 2957 1750 3025 ἕκαστον
1803 2961 1928 3025 τοῦ
1983 2957 2350 3046 ἑπομένου,
2423 2962 2530 3047 με’-

483 3077 716 3144 γιστον
765 3058 840 3127 δὲ
886 3065 1052 3129 ἔστω
1097 3060 1173 3130 τὸ
1222 3071 1303 3130 A.
1389 3052 1556 3131 ἔστω
1605 3061 1681 3130 δὲ
1725 3061 1800 3130 τὸ
1849 3063 1974 3150 μὲν
2023 3071 2078 3131 Ζ
2121 3070 2358 3153 τρίτον
2408 3071 2531 3134 τοῦ

372 3170 448 3220 20
486 3172 575 3253 Β,
621 3163 697 3234 τὸ
745 3165 820 3234 δὲ
864 3171 1101 3236 Ητοῦ
1148 3174 1225 3256 Γ,
1270 3196 1345 3238 το
1397 3168 1472 3238 δὲ
1518 3175 1576 3237 Θ
1619 3173 1744 3239 τοῦ
1789 3176 1887 3256 Δ,
1940 3168 2018 3239 τὸ
2068 3171 2143 3240 δὲ
2187 3175 2409 3248 Ιτβῦ
2461 3181 2536 3241 Ε.

629 3387 675 3436 1.
715 3376 792 3443 ὦς
837 3381 1013 3436 deleo,
1174 3387 1225 3438 3.
1262 3382 1363 3455 τῷ]
1403 3401 1466 3437 το
1504 3381 1565 3436 F.
1725 3387 1783 3436 5.
1823 3401 1910 3436 οτι
1946 3403 2046 3437 και
2079 3383 2142 3451 F,
2179 3383 2385 3453 uulgo;
2442 3379 2535 3441 ὅτι

485 3451 687 3507 deleui.
834 3471 1097 3522 τμηματα
1134 3450 1203 3518 F3
1248 3467 1388 3508 corr.
1428 3451 1735 3518 Toranius,
1771 3454 1837 3507 ut
1869 3453 1970 3508 lin.
2009 3459 2070 3522 8,
2110 3459 2194 3523 10,
2235 3460 2320 3511 11.
2483 3465 2532 3514 6.

484 3538 767 3590 τμημασιν
804 3523 864 3590 F,
900 3522 1093 3592 uulgO.
1222 3527 1271 3577 7.
1312 3524 1408 3577 ἴσα
1445 3518 1617 3578 ἐόντα
1652 3524 1755 3596 τῷ]
1795 3523 2022 3594 sorip0i3
2061 3542 2197 3580 ισων
2235 3544 2426 3581 οντων
2467 3549 2532 3584 το
