2659 3967
817 195 916 249 DE
954 194 1196 251 LINEIS
1235 196 1673 252 SPIRALIBUS.
2174 194 2265 260 43

205 335 412 421 triplo
453 338 720 405 maiora
755 337 1071 424 quadrato
1111 340 1450 406 maximae.
1464 338 1515 428 1)
1588 348 1656 408 et
1693 342 1891 407 etiam
1930 343 1988 407 si
2016 343 2265 427 species

207 443 472 509 similes
535 449 1000 511 construuntur
1053 446 1124 512 in
1180 448 1481 513 omnibus
1535 448 1722 513 lineis
1732 499 1751 532 ,
1814 452 1880 513 et
1934 448 2043 527 iis,
2098 470 2265 533 quae

203 550 486 634 aequali
555 552 770 636 spatio
835 552 1009 618 inter
1065 574 1136 618 se
1189 553 1530 639 excedunt,
1595 559 1661 619 et
1717 576 1879 639 quae
1938 554 2266 619 maximae

206 658 538 741 aequales
595 661 772 743 sunt,
833 660 1081 745 species
1136 659 1208 723 in
1255 659 1447 724 lineis
1502 660 1825 725 maximae
1882 659 2263 746 aequalibus

200 763 512 829 minores
578 768 770 831 erunt
835 769 1048 849 quam'
1093 765 1295 849 triplo
1354 766 1663 850 maiores,
1726 788 1923 851 quam
1978 769 2261 849 [omnes]

200 871 508 956 speciest,
562 892 726 956 quae
779 871 850 935 in
903 871 1094 937 lineis
1149 872 1407 956 aequali
1464 872 1677 957 spatio
1732 873 1903 939 inter
1958 895 2027 939 se
2087 894 2265 939 exce·-

201 973 535 1041 dentibus
578 980 986 1043 constructae
1025 981 1196 1061 sunt,
1239 977 1511 1063 reliquis
1550 980 1770 1043 autem
1807 982 2064 1061 praeter
2102 1000 2264 1063 eam,

201 1102 386 1165 quae
438 1083 512 1149 in
557 1083 844 1149 maxima
889 1087 1262 1149 constructa
1307 1088 1437 1167 est,
1490 1083 1769 1150 maiores
1814 1106 2014 1169 quam
2056 1083 2261 1169 triplo

201 1188 526 1255 maiores.
596 1210 751 1255 nam
797 1190 1042 1275 species
1090 1188 1339 1254 similes
1386 1189 1655 1254 eandem
1698 1190 2021 1256 rationem
2063 1190 2263 1256 habe-

201 1294 412 1381 bunt,
459 1316 656 1380 quam
693 1295 1012 1380 quadrata
1057 1294 1270 1377 [Eucl.
1313 1292 1413 1360 VI
1419 1345 1437 1379 ,
1483 1294 1629 1376 201:

233 1642 236 1645 ’
357 1631 436 1698 Si
469 1632 679 1698 lineae
719 1630 1042 1716 quotlibet
1076 1630 1379 1715 deinceps
1402 1634 1733 1717 ponuntur
1761 1622 2016 1717 aequali
2047 1632 2261 1716 spatio

210 1740 406 1805 inter
461 1762 528 1805 se
573 1736 989 1822 excedentes,
1044 1740 1112 1801 et
1157 1736 1325 1801 aliae
1374 1719 1629 1822 quoque
1674 1737 1885 1803 lineae
1930 1741 2265 1822 ponuntur

212 1867 502 1911 numero
566 1866 698 1911 una
750 1844 1085 1930 pauciores
1139 1843 1330 1911 lineis
1386 1844 1659 1927 aequali
1698 1844 1915 1929 spatio
1970 1845 2140 1909 inter
2193 1867 2265 1909 se

217 1952 718 2036 excedentibus,
798 1949 1248 2035 magnitudine
1327 1972 1486 2015 uero
1567 1950 1861 2036 singulae
1927 1950 2265 2015 ,maximae

219 2058 568 2145 aequales,
631 2058 848 2125 omnia
912 2056 1230 2142 quadrata
1285 2056 1604 2121 linearum
1659 2056 1980 2121 maximae
2034 2076 2267 2141 aequa·

217 2166 397 2231 lium
461 2164 544 2229 ad
609 2164 924 2249 quadrata
985 2162 1302 2227 linearum
1361 2162 1622 2247 >aequali
1685 2162 1899 2246 spatio
1960 2162 2135 2244 inter
2198 2184 2269 2227 se

223 2271 683 2338 excedentium
741 2272 1002 2355 praeter
1065 2267 1510 2353 [quadratum]
1572 2268 1883 2334 minimae
1946 2262 2268 2335 minorem

223 2364 556 2444 rationem
607 2375 883 2459 habent,
938 2396 1135 2460 quam
1189 2374 1575 2459 quadratum
1620 2374 1942 2439 maximae
1974 2373 2072 2440 *ad
2121 2396 2267 2459 spa-

224 2487 403 2550 tium
438 2483 698 2567 utrique
735 2482 1021 2567 aequale,
1058 2484 1126 2549 et
1160 2480 1538 2566 rectangulo
1576 2480 1861 2544 maxima
1894 2482 1962 2544 et
2000 2480 2268 2546 minima

226 2588 701 2674 comprehenso
743 2591 836 2652 et:
873 2587 1110 2652 tertiae
1161 2585 1337 2671 parti
1364 2585 1693 2671 ‘quadrati
1750 2603 2047 2652 excessus
2057 2636 2076 2669 ,
2137 2605 2267 2670 quo

229 2696 519 2761 maxima
573 2694 909 2759 minimam
965 2692 1238 2775 excedit,
1260 2678 1278 2725 .·
1293 2692 1375 2757 ad
1418 2691 1749 2776 quadrata
1800 2694 2021 2755 autem
2066 2690 2271 2755 linea-

229 2792 379 2868 rum
428 2798 688 2885 aequali
733 2799 946 2885 spatio
988 2800 1186 2864 inter‘
1207 2818 1278 2863 se
1323 2797 1769 2863 excedentium
1812 2800 2072 2881 praeter
2114 2817 2271 2879 qua-

229 2891 496 2974 dratum
541 2905 860 2971 maximae
904 2901 1223 2970 rationem
1269 2903 1586 2969 maiorem
1634 2900 1858 2967 eadem
1900 2900 2177 2969 ratione.

371 3014 506 3079 sint
559 3012 733 3077 enim
793 3010 1118 3096 quotlibet
1161 3011 1375 3076 lineae
1420 3005 1687 3101 aequali
1725 3009 1939 3093 spatio
1984 2994 2155 3074 inter
2200 3028 2273 3073 se

234 3119 617 3186 excedentes
669 3118 970 3202 deinceps
1025 3117 1308 3202 positae,
1366 3116 1465 3181 ita
1496 3119 1587 3181 'ut
1632 3116 1805 3181 linea
1850 3119 1981 3181 AB
2027 3116 2267 3181 lineam
