2659 3967
350 87 478 151 168
537 85 926 138 ΕΠῙΠΕΔΩΝ
961 86 1191 140 ΙΣΟΡΡ.
1230 87 1285 137 H
1320 87 1609 138 KENTPA
1643 83 1883 136 ΒΑΡΩΝ
1917 86 2124 139 ΕΠΙΠ.
2161 79 2242 138 A'.

334 232 457 296 τοῦ
515 233 726 296 ΒΔΓ
775 226 1129 315 τριγώνου.
1223 227 1364 296 ἐπεὶ
1424 218 1553 295 οὖν
1612 229 1734 294 τοῦ
1793 224 1915 312 μὲν
1969 232 2180 293 ΑΒΔ
2236 249 2378 312 τρι-

334 333 562 420 γώνου
599 336 878 421 κέντρον
914 336 1037 400 τοῦ
1076 331 1319 422 βάρεος
1354 331 1431 399 τὸ
1463 339 1528 400 Ε
1560 345 1858 419 σαμεῖον,
1905 336 2027 400 τοῦ
2067 331 2142 398 δὲ
2171 338 2238 397 A
2248 338 2394 400 ΒΓ

333 438 410 507 τὸ
467 447 551 526 Ζ,
616 444 859 527 δῆλον,
922 437 1013 518 ὡς
1070 444 1193 508 τοῦ
1258 441 1322 520 ἐξ
1379 436 1778 528 ἀμφοτέρων
1831 442 1968 506 τῶν
2021 436 2384 524 τριγώνων

335 547 778 635 συγκειμένου
824 548 1144 633 μεγέθεος
1187 545 1469 634 κέντρον
1515 549 1637 613 τοῦ
1683 543 1925 633 βάρεός
1970 547 2105 612 ἐστι
2147 542 2222 611 τὸ
2262 544 2378 631 με’-

258 667 295 716 5
335 674 461 721 σον
499 657 625 732 ’τοῖς
672 658 797 720 ΕΖ
844 649 1139 737 εὐθείας,
1187 649 1351 738 ὅπερ
1398 651 1536 719 ἐστὶ
1583 649 1657 718 τὸ
1706 657 1764 718 Θ
1809 663 2103 737 σαμεῑον.

1290 873 1362 914 ια
1395 899 1410 914 .

462 971 623 1040 Ἐὰν
671 971 799 1039 δύο
847 977 1141 1060 τρίγωνα
1187 969 1390 1058 ὁμοῖα
1435 968 1751 1052 ἄλλάλοις
1794 963 1837 1060 ᾖ
1882 969 1995 1038 καὶ
2034 971 2107 1037 ἐν
2145 967 2382 1048 αὐτοῖς

338 1091 581 1165 σαμεῖα
641 1077 889 1166 ὁμοίως
946 1085 1218 1165 κείμενα
1276 1076 1431 1147 ποτὶ
1490 1075 1570 1145 τὰ
1627 1084 1950 1167 τρίγωνα,
2008 1076 2120 1144 καὶ
2174 1075 2249 1143 τὸ
2300 1079 2379 1143 ἓν

340 1197 620 1272 σαμεῖον
665 1188 811 1272 τοῦ,
861 1187 933 1253 ἐν
982 1177 1036 1277 ᾦ
1084 1187 1242 1270 ἐστι,
1289 1183 1628 1272 τριγώνου
1671 1185 1952 1272 κέντρον
1997 1175 2040 1272 ᾗ
2087 1185 2208 1250 τοῦ
2257 1181 2380 1268 βοί-

230 1305 300 1354 10
338 1316 510 1378 ρεος,
556 1289 669 1358 καὶ
714 1289 789 1359 τὸ
837 1289 1078 1360 λοιπὸν
1125 1303 1406 1377 σαμεῖον
1451 1292 1735 1378 κέντρον
1781 1289 1920 1358 ἐστὶ
1964 1293 2087 1357 τοῦ
2133 1286 2384 1377 βάρεος

196 1447 209 1466 ,
329 1400 476 1482 τοῦ,
526 1399 598 1464 ἐν
647 1389 701 1490 ᾦ
750 1400 909 1484 ἐστι,
955 1397 1309 1486 τριγώνου.
1401 1394 1649 1484 ὁμοίως
1696 1396 1772 1464 δὲ
1816 1397 2091 1484 λέγομες
2135 1407 2383 1481 σαμεῖα

331 1504 609 1574 κεέσθαι
662 1504 817 1572 ποτὶ
870 1502 953 1572 τὰ
1013 1503 1217 1592 ὁμοῖα
1258 1503 1604 1594 [σχήματα,
1661 1500 1782 1589 ἀφ’
1845 1494 1943 1570 ὦν
1989 1505 2066 1569 αἱ
2109 1501 2214 1570 ἐπὶ
2259 1498 2386 1580 τὰς

333 1617 483 1690 ἴσας
530 1614 796 1697 ,γωνίας
859 1609 1186 1699 ἄγομέναι
1241 1609 1506 1680 εὐθείαι
1569 1618 1718 1689 ἴσας
1773 1610 2102 1678 ποιέοντι·
2126 1612 2385 1694 γωνίας

330 1717 484 1786 ποτὶ
530 1731 674 1798 ταῖς
723 1716 1084 1806 ὅμολόγοις
1129 1726 1464 1807 πλευραῖς.

224 1837 291 1885 15
468 1829 633 1892 ἔστω
693 1824 820 1893 δύο
878 1831 1173 1914 τρίγωνα
1228 1823 1310 1892 τὰ
1355 1829 1576 1911 ΑΒΓ,
1625 1829 1859 1907 ΔΕΖ,
1914 1821 2026 1889 καὶ
2073 1825 2238 1888 ἔστω
2287 1817 2387 1899 ὥς

328 1927 373 1996 ἆ
419 1936 557 1998 ΑΓ
594 1930 748 1998 ποτὶ
784 1937 942 2016 ΔΖ,
992 1929 1205 2010 οὕτως
1252 1929 1295 1997 ἅ
1341 1955 1411 1998 τε
1448 1937 1581 1996 AB
1627 1928 1779 1996 ποτὶ
1819 1935 1976 2015 ΔΕ,
2020 1929 2134 1995 καὶ
2171 1924 2213 1995 ἆ
2254 1931 2396 1993 ΒΓ

330 2885 487 2952 ποτὶ
548 2890 703 2968 ΕΖ,
767 2883 881 2950 καὶ
946 2884 1020 2951 ἐν
1083 2891 1224 2960 τοῖς
1288 2879 1668 2982 εἰρημένοις
1729 2879 2082 2968 τριγώνοις
2137 2893 2384 2969 σαμεῖα

338 2987 590 3077 ὁμοίως
643 2994 915 3076 κείμενα
971 2995 1136 3056 ἔστω
1192 2984 1274 3054 τὰ
1320 2993 1408 3072 Θ,
1454 2992 1532 3054 Ν
1569 2986 1724 3054 ποτὶ
1767 2987 1848 3054 τὰ
1896 2994 2114 3074 ΑΒΓ,
2173 2995 2384 3056 ΔΕΖ

338 3102 658 3184 τρίγωνα,
704 3095 817 3163 καὶ
865 3100 1031 3162 ἔστω
1068 3092 1143 3161 τὸ
1180 3101 1237 3161 Θ
1272 3094 1554 3181 κέντρον
1591 3097 1714 3160 τοῦ
1752 3092 1994 3182 βάρεος
2030 3098 2152 3162 τοῦ
2182 3099 2394 3163 ΑΒΓ

488 3299 531 3346 1.
572 3297 681 3346 ΒΔ
697 3291 779 3363 Γ]
818 3293 993 3345 ΑΔΓ
1022 3290 1092 3358 F;
1142 3306 1279 3344 corr.
1318 3289 1382 3342 B.
1567 3294 1615 3344 2.
1654 3284 1743 3360 τό]
1795 3307 1894 3343 τον
1941 3306 2044 3359 per
2089 3307 2268 3360 comp.
2313 3289 2379 3345 F.

340 3370 391 3418 6.
429 3359 498 3416 θ’
539 3362 599 3417 F.
716 3369 762 3419 ’1.
804 3365 1060 3431 αλληλοις
1096 3360 1167 3427 F;
1206 3377 1346 3416 corr.
1386 3358 1682 3415 Torellius.
1795 3365 1844 3415 8.
1883 3378 2023 3431 προς
2058 3379 2160 3433 per
2196 3378 2384 3431 comp.

338 3435 416 3502 Ἐς
456 3449 595 3490 corr.
635 3433 929 3490 Toranius,
1080 3437 1163 3488 11.
1202 3426 1410 3502 ὁμοίως
1447 3428 1512 3486 δέ
1555 3431 1625 3486 ad
1663 3434 1934 3500 πλευραῖς
1972 3431 2214 3490 delenda
2251 3449 2381 3487 cen-
