2659 3967
1035 163 1475 220 ARENAmus
1855 244 1859 249 η
1959 155 1968 160 ’
2138 162 2270 230 283

234 311 438 396 primi
496 313 643 376 oeto
698 329 847 375 eum
900 309 1149 376 unitate
1204 309 1253 374 ii
1308 313 1486 395 sunt,
1543 311 1653 396 qui
1697 311 1892 395 primi
1937 312 2272 393 uocantur,

236 421 388 483 oeto
438 419 779 502 sequentes
826 415 901 499 ii,
958 415 1068 500 qui
1114 415 1402 500 secundi,
1463 419 1609 482 oeto
1657 415 1881 482 deinde
1929 419 2270 501 sequentes

234 524 317 608 ii,
364 523 474 607 qui
520 521 717 607 tertii,
762 524 911 586 oeto
959 520 1191 588 deinde
1238 525 1576 607 sequentes
1625 523 1692 606 ii,
1738 523 1849 608 qui
1897 522 2114 608 quarti
2159 544 2270 587 uo-

236 634 497 710 cantur,
544 633 611 695 et
654 627 887 712 reliqui
934 627 1061 694 duo
1108 651 1187 694 ex
1230 629 1313 693 iis
1361 634 1574 715 erunt,
1621 628 1731 714 qui
1777 629 1989 713 quinti
2034 648 2270 695 uocan-

234 740 373 820 tur,
428 739 494 800 et
544 736 817 800 ultimus
876 757 1095 800 eorum
1144 737 1247 800 est
1290 735 1510 800 decem
1557 735 1842 802 unitates
1890 735 2268 819 quintorum

234 863 673 909 numerorum.
733 841 1011 926 'adparet
1044 841 1262 926 igitur,
1298 841 1780 907 multitudinem
1820 861 2054 906 arenae
2091 861 2270 926 mag-

235 948 605 1014 nitudinem
649 947 958 1014 habentis⁴
1000 949 1336 1033 aequalem
1374 948 1688 1032 sphaerae
1727 949 2118 1014 diametrum
2151 947 2268 1013 ha-

231 1055 422 1119 benti
478 1054 700 1120 decem
759 1054 967 1121 millia
1021 1054 1378 1119 stadiorum
1430 1055 1697 1140 longam
1752 1055 2073 1120 minorem
2128 1054 2266 1119 fore

235 1183 436 1246 quam
492 1161 709 1226 deeem
757 1161 1043 1228 unitates
1092 1161 1469 1246 quintorum
1514 1183 1948 1228 numerorum.
2038 1182 2264 1226 rursus
2304 1154 2344 1218 8

231 1270 455 1334 autem
504 1265 781 1350 sphaera
827 1267 1215 1332 diametrum
1251 1270 1508 1332 eentum
1546 1267 1872 1352 myriades
1909 1267 2267 1332 stadiorum

230 1375 503 1458 longam
539 1373 789 1438 habens
826 1377 1089 1438 eentum
1124 1373 1531 1456 myriadibus
1569 1374 1913 1458 multiplex
1941 1379 2043 1439 est
2070 1397 2266 1458 quam

235 1481 519 1564 sphaera
583 1479 969 1545 diametrum
1029 1478 1282 1544 habens
1349 1479 1567 1544 deeem
1631 1480 1842 1544 millia
1905 1479 2266 1546 stadiorum

232 1588 521 1672 longam.
615 1585 671 1650 si
734 1586 938 1670 igitur
1000 1607 1081 1650 ex
1136 1607 1332 1650 arena
1389 1587 1576 1649 tanta
1635 1584 1910 1668 sphaera
1965 1583 2266 1668 efficitur,

233 1697 483 1777 quanta
543 1695 643 1756 est
690 1690 969 1777 sphaera
1013 1691 1405 1756 diametrum
1451 1695 1712 1756 eentum
1757 1689 2088 1774 myriades
2137 1694 2266 1754 sta·

234 1800 493 1865 diorum
537 1800 803 1884 longam
848 1799 1117 1883 habens,
1164 1798 1448 1883 adparet,
1494 1819 1836 1863 numerum
1876 1817 2108 1862 arenae
2147 1797 2264 1859 mi-

229 1929 461 1972 norem
532 1905 674 1971 fore
746 1927 1015 1970 numero
1090 1905 1538 1989 multiplicatis
1614 1903 1836 1970 decem
1901 1902 2264 1968 unitatibus

229 2007 609 2098 quintorum
653 2033 1070 2077 numerorum
1118 2014 1185 2076 et
1220 2013 1480 2078 eentum
1516 2010 1916 2095 myriadibus
1958 2013 2121 2074 orto.
2200 2011 2266 2072 et

231 2119 545 2202 quoniam
610 2119 830 2184 decem
892 2119 1181 2184 unitates
1242 2117 1615 2202 quintorum
1672 2137 2091 2182 numerorum
2151 2115 2263 2179 tri-

230 2225 513 2290 cesimus
552 2228 823 2308 quartus
863 2228 965 2290 est
1004 2226 1089 2290 ab
1116 2225 1370 2290 unitate
1397 2245 1700 2288 numerus
1729 2224 1799 2287 in
1825 2221 2264 2312 proportione,

228 2334 301 2394 et
364 2334 625 2396 eentum
688 2331 1017 2416 myriades
1083 2331 1403 2416 septimus
1468 2331 1549 2394 ab
1606 2331 1856 2396 unitate
1915 2328 1986 2393 in
2043 2327 2264 2392 eadem

228 2437 683 2521 proportione,
730 2438 1026 2522 adparet,
1080 2437 1469 2522 productum
1512 2437 1651 2502 fore
1697 2434 2264 2521 quadragesimum

226 2544 317 2608 ab
362 2543 614 2608 unitate
660 2544 731 2609 in
776 2544 1003 2613 eadem
1048 2545 1490 2629 proportione.
1559 2542 1794 2608 horum
1841 2542 2059 2606 autem
2102 2561 2256 2622 qua-

228 2649 537 2735 draginta
564 2722 569 2727 ·
595 2651 787 2734 primi
846 2655 993 2718 oeto
1055 2673 1202 2717 eum
1255 2652 1505 2716 unitate
1559 2650 1606 2716 ii
1663 2653 1842 2731 sunt,
1898 2648 2008 2732 qui
2064 2646 2262 2729 primi

230 2761 578 2838 uocantur,
625 2760 773 2822 oeto
822 2760 1163 2842 sequentes
1210 2757 1285 2841 ii,
1332 2757 1448 2841 qui
1494 2755 1784 2835 secundi,
1841 2758 1986 2820 octo
2034 2755 2263 2820 deinde

231 2867 577 2948 sequentes
624 2865 701 2948 ii,
748 2864 860 2947 qui
904 2863 1111 2948 tertii,
1158 2867 1305 2928 oeto
1355 2862 1585 2926 deinde
1631 2865 1972 2948 sequentes
2017 2861 2095 2946 ii,
2152 2859 2267 2944 qui

232 2969 479 3054 quarti,
524 2969 841 3055 postremi
888 2974 1035 3034 oeto
1081 2969 1156 3054 ii,
1202 2970 1313 3054 qui
1359 2968 1571 3054 quinti
1617 2970 1951 3055 uocantur,
1998 2975 2064 3036 et
2107 2972 2262 3037 ulti-

232 3098 381 3140 mus
428 3098 654 3142 eorum
700 3078 803 3140 est
836 3075 1014 3140 mille
1052 3074 1378 3159 myriades
1419 3074 1793 3158 quintorum
1830 3097 2264 3142 numerorum.

226 3252 309 3286 ων
349 3233 424 3300 Ἐς
465 3248 603 3288 corr.
642 3233 768 3287 AB.
941 3237 1023 3287 10.
1062 3230 1165 3303 δέ]
1204 3231 1432 3301 seripsi;
1475 3231 1548 3299 δη
1583 3230 1646 3299 F,
1685 3232 1875 3300 uulgo.
2042 3239 2126 3288 11.
2163 3253 2264 3302 μυ-

227 3303 432 3385 eam-dag
468 3304 530 3371 F,
567 3304 633 3356 ut
668 3302 911 3370 uidetur,
946 3302 1009 3356 in
1043 3318 1259 3368 murm
1299 3318 1439 3387 corr.
1479 3303 1566 3358 ed.
1592 3301 1765 3386 Basil.
1810 3372 1822 3384 ι
1878 3309 1961 3356 12.
2001 3304 2102 3364 τᾶς
2129 3298 2262 3426 τάξ]

226 3387 452 3444 εοτιρεις
492 3392 598 3427 ταν
635 3372 697 3440 Ε,
734 3373 923 3443 uulgo.
1071 3377 1153 3430 18.
1193 3373 1586 3444 μυριαδεσσιν]
1627 3389 1852 3444 scnp813
1899 3390 2164 3440 μνριασιν
2250 3415 2264 3440 ,

226 3443 419 3526 uulgo,
555 3449 641 3498 24.
680 3444 777 3519 τᾷ]
813 3463 878 3498 το
905 3443 976 3510 Eg
1016 3459 1155 3498 corr.
1193 3459 1394 3498 manus
1421 3449 1473 3498 2.
1608 3447 1694 3497 25.
1731 3461 2014 3511 καμενων,
2040 3441 2139 3497 FC
2177 3445 2263 3500 ed.

227 3515 430 3583 Basil.;
467 3529 607 3570 corr.
646 3513 691 3567 F
724 3531 898 3570 manu
933 3520 985 3570 2.
1128 3513 1336 3584 ταῦτα]
1374 3511 1612 3576 τούτους
1645 3511 1866 3581 wallis,
1905 3513 2196 3570 Toranius.
