2659 3967
401 93 534 219 256
1209 155 1625 208 ΨΑΜΜΙΤΗΣ.

401 294 670 364 κύκλον.
759 297 1038 382 κέντρον
1086 295 1162 364 δὲ
1207 300 1377 364 ἔστω
1421 299 1539 376 τᾶς
1584 295 1707 382 μὲν
1754 300 1879 382 γᾶς
1922 293 1997 364 τὸ
2048 303 2134 381 Θ,
2188 300 2313 363 τοῦ
2360 295 2437 364 δὲ

402 401 602 472 ἁλίου
644 401 722 471 τὸ
749 410 838 489 Κ,
885 401 1042 484 ὄψις
1077 401 1154 470 δὲ
1190 407 1358 470 ἔστω
1394 399 1471 470 τὸ
1512 410 1596 470 Δ.
1659 402 1773 470 καὶ
1808 401 2134 490 ἄχθωσαν
2170 399 2437 470 εὐθείαι

405 509 852 591 ἐπιψανούσαι
896 512 1020 577 τοῦ
1060 515 1218 578 ΣΗ
1243 508 1519 593 κύκλον,
1565 505 1698 577 ἀπὸ
1738 507 1861 594 μὲν
1897 511 2021 577 τοῦ
2060 515 2127 574 Δ
2163 510 2239 574 αἱ
2270 514 2438 593 ΔΛ,

405 625 472 684 A
483 619 564 694 Ξ·
639 614 1108 699 ἐπιψαυόντων
1156 613 1230 683 δὲ
1275 611 1440 682 κατὰ
1486 610 1562 682 τὸ
1609 621 1688 681 Ν
1722 614 1835 682 καὶ
1879 611 1955 682 τὸ
2010 619 2087 680 Τ·
2178 610 2311 680 ἀπὸ
2361 612 2440 682 δὲ

239 761 248 770 ·
334 737 365 784 5
402 727 525 792 τοῦ
567 730 627 791 Θ
673 725 748 790 αἰ
789 729 967 807 ΘΜ,
1013 727 1166 788 ΘΟ·
1251 719 1719 803 ἐπιψαυόντων
1767 719 1843 789 δὲ
1885 717 2051 788 κατὰ
2097 717 2171 788 τὸ
2220 726 2291 786 Χ
2325 720 2440 787 καὶ

401 828 478 897 τὸ
526 837 596 897 Ρ.
686 827 808 897 τὸν
864 827 942 897 δὲ
984 833 1192 895 ΑΒΓ
1233 827 1487 896 κύκλον
1530 827 1915 914 τεμνόντων
1960 831 2037 895 αἱ
2076 833 2253 912 ΘΜ,
2308 833 2441 894 ΘΟ

302 936 382 1000 18
401 931 568 1003 κατὰ
612 933 687 1002 τὸ
733 942 799 1001 Α
842 934 955 1001 καὶ
998 933 1075 1003 τὸ
1113 941 1188 1003 Β.
1253 939 1393 1002 ἔστι
1439 932 1523 1021 δὴ
1573 939 1811 1021 μείζων
1857 931 1900 1001 ἁ
1938 940 2076 1002 ΘΚ
2115 936 2232 1014 τᾶς
2269 940 2437 1020 ΔΚ,

403 1041 542 1112 ἐπεὶ
586 1038 930 1109 ὑποκείται
977 1037 1013 1108 ὁ
1053 1038 1242 1122 ἅλιος
1277 1038 1449 1127 ὑπὲρ
1484 1038 1607 1109 τὸν
1645 1037 1953 1128 ὁρίζοντα
1988 1035 2199 1127 εἶμεν·
2266 1037 2436 1109 ὥστε

403 1146 446 1214 ἁ
491 1151 704 1233 γωνία
750 1143 792 1213 ἆ
841 1149 1274 1236 περιεχομένα
1309 1145 1442 1216 ὑπὸ
1482 1151 1610 1216 τᾶν
1651 1154 1813 1233 ΔΛ,
1848 1149 1987 1225 ΔΞ
2018 1152 2257 1234 μείζων
2294 1147 2435 1215 ἐστὶ

1540 1292 1787 1356 ,ΜΛ

299 3143 368 3193 10
403 3131 520 3206 τᾶς
563 3134 814 3213 γωνίας
857 3135 976 3210 τᾶς
1019 3134 1490 3222 περιεχομένας
1525 3131 1659 3203 ὑπὸ
1696 3140 1822 3203 τᾶν
1860 3143 2027 3222 ΘΜ,
2065 3142 2207 3203 ΘΟ.
2273 3133 2316 3203 ἁ
2356 3136 2437 3205 δὲ

403 3235 836 3323 περιεχομένα
880 3243 1096 3323 γωνία
1131 3234 1263 3306 ὑπὸ
1301 3243 1426 3306 τᾶν
1455 3248 1617 3326 ΔΛ,
1646 3243 1782 3318 ΔΞ
1815 3246 2053 3328 μείζων
2090 3243 2212 3329 μέν
2250 3243 2435 3310 ἐστιν
2566 3247 2572 3254 ’

402 3337 446 3429 ἢ
495 3340 965 3412 διακοσιοστὸν
1012 3345 1208 3433 μέρος
1245 3341 1485 3434 ὀρθᾶς,
1534 3346 1824 3416 ἐλάττων
1872 3348 1948 3417 δὲ
1981 3345 2024 3436 ἢ
2060 3351 2179 3429 τᾶς
2215 3347 2439 3438 ὀρθῶς

547 3507 596 3556 3.
635 3503 709 3573 Δ]
749 3519 858 3560 om.
895 3503 964 3571 F;
1005 3520 1142 3562 corr.
1181 3503 1302 3558 AB.
1484 3511 1535 3562 4.
1575 3518 1990 3575 επιψαυωντων
2026 3508 2096 3579 F,
2138 3512 2206 3564 ut
2240 3509 2337 3564 lin.
2378 3513 2433 3564 5.
