2659 3967
245 1252 311 1301 10

245 1783 312 1831 15

243 2420 316 2470 20

349 131 482 196 362
672 132 768 187 DE
807 131 918 201 IIS,
959 130 1154 197 QUAE
1192 132 1273 185 IN
1309 131 1603 187 HUMIDO
1642 131 2062 187 UEHUNTUR..

348 276 482 341 XO
536 276 908 361 periseriam
953 274 1230 341 POBE'
1266 275 1563 361 humido,
1619 277 1793 361 quod
1838 276 2187 343 secundum
2235 275 2386 340 AB

347 383 582 466 locum,
629 404 796 467 quae
843 385 1061 447 autem
1109 381 1459 449 secundum
1505 383 1879 468 periferiam
1927 382 2054 448 ΟΡ
2092 382 2385 464 humido,

350 490 521 575 quod
579 488 930 555 secundum
975 488 1123 555 BE
1173 489 1407 554 locum.
1498 489 1925 575 inaequaliter
1980 488 2185 574 igitur
2237 511 2385 571 pre-

345 599 614 661 muntur
657 598 882 680 partes
919 595 1188 680 humidi,
1235 617 1403 679 quae
1442 594 1791 662 secundum
1829 594 2199 681 periferiam
2228 595 2300 660 X
2312 594 2385 679 O,

346 704 452 787 iis,
488 724 652 788 quae
690 701 1042 767 secundum
1074 700 1214 767 ΟΡ.
1268 724 1467 786 quar-e
1504 703 1867 785 expelletur
1900 704 2112 767 minus
2149 723 2381 785 pressa

349 833 388 875 a
435 809 648 893 magis
693 809 938 892 pressis
990 805 1286 894 [hypoth.
1322 809 1409 891 1].
1472 831 1604 875 non
1650 810 1851 875 etiam
1890 829 2045 894 ergo
2082 812 2385 874 constare

346 916 617 981 fecimus
675 914 939 999 aliquod
983 914 1339 981 humidum.
1432 914 1918 1000 supponebatur
1964 917 2184 981 autem
2232 936 2384 980 con-

349 1024 528 1087 stans
575 1021 695 1103 ita,
740 1026 814 1085 ut
859 1024 1152 1085 maneret
1197 1043 1332 1087 non
1378 1026 1648 1088 motum.
1739 1021 2175 1086 necessarium
2224 1041 2385 1106 ergo

348 1128 526 1193 linea
551 1126 849 1193 ABGD
891 1129 994 1191 est
1039 1125 1260 1193 circuli
1296 1127 1690 1213 periferiam‚
1737 1131 1803 1191 et
1840 1129 2135 1192 centrum
2170 1127 2379 1209 ipsius

347 1234 433 1298 K.
503 1234 801 1298 similiter
855 1237 1074 1298 autem
1130 1231 1679 1299 demonstrabitur
1734 1238 1827 1317 et,
1894 1232 1951 1298 si
2008 1232 2384 1317 superficies

349 1340 600 1407 humidi
653 1340 850 1425 plano
907 1343 1088 1405 secta
1141 1339 1343 1405 fuerit
1395 1362 1511 1426 per
1565 1345 1859 1406 centrum
1911 1344 2153 1423 terrae,
2208 1339 2387 1423 quod

351 1448 552 1514 sectio
589 1447 715 1512 erit
751 1447 974 1512 circuli
1000 1446 1324 1531 periferia,
1364 1450 1430 1511 et
1467 1452 1761 1512 centrum
1795 1447 2004 1531 ipsius
2032 1447 2175 1530 erit,
2213 1446 2389 1530 quod

352 1559 418 1621 et
459 1558 676 1622 ⁴terrae
722 1557 1034 1619 centrum.
1098 1554 1320 1636 palam
1365 1554 1585 1639 igitur,
1633 1552 1807 1638 quod
1852 1553 2222 1637 superficies
2267 1551 2388 1617 hu-

350 1662 511 1726 midi
560 1660 922 1727 constantis
967 1682 1102 1726 non
1147 1660 1313 1725 moti
1359 1659 1560 1724 habet
1596 1661 1877 1745 figuram
1914 1660 2227 1744 sphaerae
2264 1659 2385 1723 ha-

350 1767 570 1832 bentis
618 1771 914 1833 centrum
959 1766 1132 1831 idem
1179 1788 1324 1833 cum
1370 1769 1564 1851 terra,
1611 1766 1920 1850 quoniam
1956 1766 2108 1836 talis
2148 1770 2267 1849 est,
2314 1769 2389 1829 ut

354 1878 531 1939 secta
585 1896 702 1957 per
755 1874 926 1939 idem
981 1874 1244 1958 signum
1299 1873 1652 1939 sectionem
1698 1872 1899 1939 faciat
1945 1872 2167 1938 circuli
2212 1871 2383 1955 peri-

349 1981 580 2046 feriam
608 1980 910 2047 habentis
933 1980 1210 2066 signum,
1237 2001 1354 2063 per
1374 1977 1549 2064 quod
1569 1983 1826 2045 secatur
1844 1979 2041 2064 plano
2065 1980 2273 2063 [prop.
2298 1981 2389 2059 11.

719 2174 1143 2241 Theorema
1187 2174 1304 2241 III.
1395 2175 1853 2259 Propositio
1900 2174 2018 2239 III.

488 2296 856 2365 Solidarum
911 2299 1465 2385 magnitudinum,
1520 2320 1685 2382 quae
1732 2298 2026 2382 aequalis
2073 2298 2267 2363 molis
2316 2302 2387 2364 et

357 2406 649 2491 aequalis
696 2405 1000 2490 ponderis
1049 2427 1196 2471 cum
1241 2404 1529 2488 humidO,
1582 2405 1885 2471 dimissae
1930 2406 2000 2469 in
2044 2402 2389 2469 humidum

355 2513 808 2599 demergentur
854 2512 976 2595 ita,
1030 2514 1104 2577 ut
1151 2512 1556 2595 superficiem
1600 2511 1851 2577 humidi
1895 2533 2028 2577 non
2074 2509 2390 2575 excedant

355 2620 522 2685 nihil
571 2622 638 2683 et
682 2640 815 2684 non
863 2618 1071 2684 adhuc
1113 2618 1476 2684 referentur
1521 2617 1603 2682 ad
1649 2616 1938 2683 inferius.
2167 2705 2175 2711 ·

488 2727 972 2792 demonstratur
1035 2724 1209 2790 enim
1268 2725 1486 2809 aliqua
1539 2724 1921 2809 magnitudo
1978 2745 2179 2809 aeque
2236 2744 2389 2809 gra-

354 2834 534 2899 uium
589 2854 735 2897 cum
794 2831 1061 2897 humido
1117 2830 1188 2897 in
1238 2830 1608 2915 humidum,
1671 2834 1738 2895 et
1794 2830 1850 2898 si
1903 2829 2220 2913 possibile
2271 2833 2390 2914 est,

503 3067 550 3117 1.
594 3060 870 3131 POBE]
913 3076 1022 3114 om.
1053 3058 1262 3115 Comm.
1301 3130 1314 3141 ⁶
1366 3058 1539 3129 quod]
1582 3058 1797 3127 „quae“
1835 3058 2115 3113 Tartalea.
2237 3057 2387 3129 AB]

357 3139 425 3202 „2
440 3133 507 3187 b“
549 3131 826 3185 Tartalea.
965 3137 1014 3187 3.
1057 3130 1442 3200 ‚,aequa11ter“
1488 3130 1779 3196 Tartalea3
1827 3146 1963 3185 corr.
2012 3128 2224 3184 Gomm.
2336 3132 2389 3183 4.

358 3203 527 3274 quae]
569 3202 786 3272 „quod“
824 3202 1102 3257 Tartalea.
1288 3207 1337 3257 5.
1376 3201 1469 3272 iis]
1512 3199 1634 3269 „ei“
1673 3201 1954 3256 Tartalea.
2110 3218 2259 3269 „non
2294 3216 2391 3254 ex—

356 3274 633 3345 pelletur“
671 3273 959 3342 Tartalea;
999 3288 1134 3329 corr.
1176 3272 1389 3328 Comm.
1498 3279 1547 3328 6.
1588 3274 1873 3342 „costare“
1910 3272 2191 3327 Tartalea.
2305 3276 2391 3323 10.

357 3346 431 3417 si]
486 3361 596 3400 om.
641 3343 931 3412 Tartalea3
989 3344 1074 3413 „si
1121 3344 1627 3412 quomodocunque
1678 3342 1878 3397 aliter-‘⁴
1930 3341 2143 3397 Comm.
2306 3346 2392 3397 17.

357 3417 650 3483 „centrum
684 3416 978 3471 habentis“
1017 3415 1226 3469 Gomm.
1340 3421 1428 3469 21.
1464 3432 1577 3469 non
1605 3413 1879 3470 excedant
1904 3413 2070 3486 nihil]
2112 3410 2185 3483 μὴ
2217 3408 2395 3483 ὑπερ-

359 3481 584 3556 βάλλειν
624 3484 818 3556 μηὸέν.
963 3491 1050 3543 23.
1090 3485 1527 3557 demonstratur]
1568 3484 1731 3543 scrib.
1772 3486 2145 3553 demergatur.
