2659 3967
420 185 553 263 3¹26
733 183 831 254 m:
868 184 980 269 11‘8,
1017 198 1215 264 QUAE
1252 201 1336 256 m
1369 199 1662 256 Hnmno
1699 197 2122 254 UEHUNTUR.

412 344 699 410 existens
745 341 1039 431 humido,
1082 345 1332 432 palam,
1378 345 1551 430 quod
1598 344 1928 412 demersae
1971 343 2452 430 magnitudinis

405 450 612 516 moles
658 451 911 517 humidi
953 451 1157 518 habet
1192 452 1589 537 grauitatem
1625 452 1962 537 aequalem
1999 474 2147 517 oum
2185 453 2456 538 magni·

408 557 631 622 tudine
683 557 839 624 FA.
930 557 1451 624 demonstratum
1507 563 1610 624 est
1663 559 1834 623 enim
1878 559 2002 624 hoe
2059 557 2147 643 [1‚
2194 558 2290 640 5].
2385 562 2460 622 et

409 653 721 749 quoniam
787 665 959 750 quod
1022 665 1376 731 secundum
1429 665 1498 730 A
1548 665 1890 731 humidum
1945 669 2048 730 est
2101 665 2155 730 I
2151 716 2172 749 ‚
2235 665 2452 749 ipsius

330 783 363 832 ⁵
410 775 627 836 autem
681 771 729 836 Ι
778 771 1070 858 grauitas
1126 775 1226 836 est
1277 769 1371 855 R,
1421 772 1632 855 ipsius
1687 777 1905 838 autem
1951 771 2090 837 FA
2143 771 2454 857 grauitas

408 881 509 943 est
536 877 622 962 B,
666 879 963 962 grauitas
989 877 1075 962 B,
1120 899 1287 961 quae
1330 880 1435 942 est
1475 877 1784 943 habentis
1822 879 2159 962 aequalem
2198 878 2454 943 molem

402 984 609 1049 totius
639 982 1113 1068 magnitudinis
1130 983 1285 1068 FA,
1312 986 1417 1048 est
1443 983 1735 1067 aequalis
1764 983 2076 1068 grauitati
2102 984 2372 1049 humidi
2391 984 2457 1067 I,

408 1088 660 1154 scilieet
718 1088 846 1174 ipsi
897 1087 987 1173 R3
1050 1092 1117 1154 et
1174 1089 1482 1173 quoniam
1543 1093 1672 1174 est,
1728 1092 1803 1155 ut
1858 1089 2249 1174 magnitudo
2307 1091 2458 1156 FA

410 1195 490 1262 ad
535 1193 903 1279 humidum,
950 1194 1121 1280 quod
1170 1194 1522 1260 secundum
1568 1195 1807 1281 ipsam,
1853 1195 2105 1262 scilieet
2150 1196 2304 1281 NI,
2359 1199 2464 1262 ita

299 1315 369 1366 10
410 1299 479 1368 B
526 1300 608 1367 ad
653 1298 809 1384 ΒΟ,
854 1301 1126 1386 aequale
1171 1305 1387 1367 autem
1436 1305 1540 1366 est
1581 1301 1652 1367 ,Β
1695 1301 1824 1385 ipsi
1868 1300 1951 1385 R,
1994 1304 2069 1365 ut
2103 1305 2344 1370 ,autem
2395 1302 2464 1368 R

414 1407 497 1472 ad
541 1404 701 1485 ΒΟ,
754 1407 851 1472 ita
894 1407 948 1472 I
992 1407 1076 1473 ad
1120 1408 1250 1474 NI
1285 1411 1354 1472 et
1393 1407 1462 1472 A
1508 1408 1588 1473 ad
1632 1407 1799 1493 FA,
1852 1411 1926 1481 ut
1973 1428 2133 1492 ergo
2175 1409 2322 1474 ΓΑ
2374 1411 2459 1475 ad

407 1513 764 1599 humidum,
810 1513 981 1598 quod
1028 1513 1378 1580 seeundum
1415 1515 1648 1600 ipsam,
1691 1515 1759 1580 in
1798 1514 2148 1601 grauitate,
2192 1517 2461 1600 magni-

406 1621 568 1686 tudo
593 1620 662 1685 A
710 1618 793 1684 ad
818 1618 975 1685 FA.
1054 1619 1368 1702 †faetu1n
1417 1624 1522 1685 est
1568 1620 1838 1705 aequale
1883 1619 2220 1686 demersae
2265 1642 2459 1710 mag-

404 1725 749 1810 nitudinis,
812 1725 1061 1790 scilieet
1101 1725 1185 1792 A.
1274 1725 1478 1792 habet
1537 1747 1695 1812 ergo
1752 1727 2133 1813 magnitudo
2178 1724 2322 1794 FA
2385 1731 2460 1794 in

300 1847 368 1896 15
407 1831 732 1918 grauitate
794 1830 876 1895 ad
931 1831 1009 1897 N
1006 1827 1059 1896 Ι
1057 1882 1076 1916 ,
1132 1830 1229 1896 ita
1282 1831 1353 1898 B
1406 1833 1490 1897 ad
1533 1831 1683 1898 Ro,
1772 1855 1967 1918 quam
2025 1838 2244 1900 autem
2300 1857 2456 1920 pro-

409 1939 781 2024 portionem
810 1937 1014 2003 habet
1039 1936 1105 2002 R
1130 1937 1211 2002 ad
1239 1936 1387 2023 EO,
1417 1937 1589 2004 hane
1613 1939 1819 2004 habet
1843 1941 2338 2023 proportionem
2361 1990 2380 2008 .
2402 1991 2419 2008 .
2441 1993 2460 2009 .

406 2047 489 2112 ad
534 2045 616 2130 R,
653 2096 669 2113 .
706 2093 721 2109 .
760 2094 777 2111 .
816 2049 883 2110 et
926 2045 991 2110 A
1040 2044 1119 2110 ad
1163 2041 1319 2111 ΓΑ.
1366 2045 1880 2112 demonstratum
1929 2051 2029 2111 est
2074 2047 2268 2112 enim.
2471 2069 2482 2076 ·

1375 2238 1462 2304 ΙΙ.

90 2403 133 2414 .-
539 2361 747 2428 Recta
808 2361 1024 2447 portio
1089 2363 1454 2449 reetanguli
1517 2365 1872 2430 conoidalis
1937 2365 2196 2450 quando
2256 2389 2458 2434 axem

278 2483 356 2536 20
407 2469 715 2535 habuerit
758 2488 894 2534 non
939 2469 1271 2554 maiorem,
1316 2491 1510 2555 quam
1558 2471 1893 2537 emiolium
1931 2472 2089 2556 eiust,
2133 2494 2300 2557 quae
2337 2496 2453 2539 us·

408 2598 533 2661 que
579 2597 787 2660 axem,
834 2597 1094 2642 omnem
1139 2577 1629 2662 proportionem
1673 2577 1923 2643 habens
1971 2577 2053 2643 ad
2097 2578 2449 2644 humidum

399 2684 469 2750 in
526 2685 883 2770 grauitate,
942 2683 1213 2748 dimissa
1264 2684 1333 2748 in
1388 2681 1659 2749 humido
1703 2683 1826 2764 ita,
1885 2687 1960 2748 ut
2005 2684 2184 2749 basis
2229 2686 2450 2769 ipsius

403 2811 535 2857 non
581 2794 817 2875 tangat
862 2791 1223 2874 humidum,
1266 2789 1486 2874 posita
1529 2789 1861 2874 inclinata,
1905 2811 2036 2854 non
2083 2796 2306 2856 manet
2342 2792 2446 2856 in·

552 2989 602 3038 1.
639 2983 1001 3050 „demeraes“
1028 2981 1318 3049 Tartalea3
1347 2981 1602 3049 „tantam
1630 2980 1851 3036 humidi
1868 2981 2092 3049 molem,
2123 2985 2335 3052 quanta
2353 2985 2452 3038 est

402 3070 535 3124 pars
570 3052 978 3122 magnitudinis
1016 3053 1305 3109 demersa“
1345 3051 1559 3108 Comm.
1723 3057 1774 3107 4.
1815 3052 1966 3121 quod
2001 3053 2334 3124 seeundum]
2369 3051 2443 3108 τὸ

390 3121 553 3181 κατὰ
590 3121 695 3192 τὴν
723 3129 769 3178 A
803 3118 1001 3193 ὑγρόν.
1109 3131 1163 3195 ,6.
1201 3122 1584 3192 „aequalitate
1611 3121 1798 3177 mole“
1827 3123 2116 3191 Tartalea3
2152 3125 2446 3194 „grauita-

390 3199 419 3253 t
432 3211 520 3251 em
560 3195 890 3264 aequalem“
927 3193 1148 3250 Nimius
1182 3195 1350 3251 male.
1463 3198 1546 3248 10.
1583 3192 1664 3265 B]
1695 3193 1894 3263 (prius)
1931 3194 2021 3262 „B
2034 3193 2116 3248 O“
2155 3194 2446 3248 Tar-talea.

396 3270 495 3324 12.
535 3266 727 3338 ,‚ipsa“
765 3265 1048 3322 Tartalea.
1198 3271 1282 3321 13.
1320 3264 1561 3336 factum]
1605 3263 1898 3333 sequentia
1933 3265 2108 3320 uerba
2143 3281 2310 3320 sensu
2347 3281 2442 3319 ea-

401 3339 548 3407 rent,
588 3354 691 3394 nec
728 3353 867 3420 opus
895 3338 1053 3401 sunt;
1090 3337 1278 3406 „quod
1305 3336 1688 3392 demonstrare
1717 3335 2050 3404 oportebat“
2079 3333 2290 3390 Comm.
2348 3351 2442 3390 ee—

395 3409 541 3464 teris
590 3409 825 3465 omissis.
994 3413 1076 3464 17.
1116 3409 1190 3464 ad
1228 3407 1311 3478 R]
1360 3407 1420 3461 in
1458 3405 1646 3461 media
1679 3405 1885 3460 lacuna
1920 3405 2200 3461 Tartalea.
2349 3411 2442 3462 20.

404 3495 517 3534 non
564 3478 863 3602 maigrem]
900 3477 1183 3533 Torellius
1226 3496 1283 3548 p.
1320 3477 1532 3543 XV111;
1580 3475 1922 3547 ‚‚maiorem“
1960 3475 2249 3544 'rai-talem
2297 3477 2442 3545 „mi-

402 3551 630 3604 norem“
714 3563 881 3602 omm.
