2659 3967
386 149 529 215 424
705 146 803 205 DE
840 148 953 220 ΠΒ,
992 147 1190 215 QUAE
1227 148 1308 205 IN
1345 148 1648 207 HUMIDO
1685 148 2108 208 UEHUNTUR.

388 295 702 363 sectionis
748 315 915 379 quae
960 292 1135 380 BD,
1180 297 1248 361 et
1292 298 1546 361 secetur
1594 315 1760 379 quae
1803 294 1874 362 Β
1881 294 1954 363 D
1994 318 2192 380 penes
2237 298 2434 381 signa

386 398 489 486 K,
530 400 595 467 R
649 398 1075 467 consimiliter
1130 400 1571 487 superioribus
1631 403 1722 485 [p.
1765 402 1926 485 404,
1975 403 2064 484 7].
2155 402 2440 469 ducatur

390 511 612 574 autem
660 510 725 572 et
769 528 932 593 quae
968 506 1103 571 HI
1140 508 1665 593 aequedistanter
1710 505 1838 593 ipsi
1865 507 2008 573 AZ
2039 506 2433 594 contingens

388 612 747 681 sectionem
792 612 940 680 coni
982 634 1183 697 penes
1211 613 1302 699 H,
1349 635 1515 699 quae
1555 616 1773 679 autem
1800 613 1954 679 HT
1981 612 2434 698 aequedistan-

314 734 353 783 5
388 724 492 786 ter
545 721 674 805 ipsi
716 718 891 805 BD,
947 741 1115 805 quae
1172 724 1392 787 autem
1437 720 1522 787 H
1519 718 1573 787 S
1621 720 2171 805 perpendicularis
2230 744 2440 807 super

385 825 549 893 BD.
615 826 920 913 quoniam
966 825 1170 913 igitur
1212 828 1430 911 portio
1477 827 1560 892 ad
1605 826 1946 893 humidum
1983 826 2054 891 in
2092 828 2434 911 grauitate

378 2122 551 2191 hanc
595 2124 798 2191 habet
840 2129 1368 2215 proportionem,
1415 2150 1614 2213 quam
1656 2131 2079 2214 tetragonum
2125 2149 2166 2192 a
2220 2131 2295 2193 Ψ
2345 2128 2430 2193 ad

378 2232 467 2318 id,
504 2232 675 2315 quod
703 2254 744 2298 a
768 2231 935 2319 BD,
972 2257 1170 2320 quam
1200 2237 1419 2300 autem
1445 2234 1942 2320 proportionem
1967 2233 2172 2299 habet
2207 2231 2430 2318 portio

380 2336 468 2403 ad
504 2336 841 2405 humidum
878 2341 948 2407 in
984 2342 1332 2426 grauitate,
1369 2340 1540 2407 hanc
1567 2340 1771 2407 habet
1795 2344 2218 2426 tetragonum
2247 2339 2426 2424 quod

274 2463 346 2513 10
383 2445 467 2511 ab
512 2444 664 2511 HT
708 2446 792 2513 ad
844 2447 938 2532 id,
996 2447 1170 2533 quod
1226 2470 1265 2513 a
1308 2446 1380 2512 B
1389 2446 1462 2515 D
1503 2450 1774 2533 propter
1821 2448 2046 2513 eadem
2095 2446 2427 2534 prioribus

376 2554 593 2640 [prop.
642 2555 705 2640 13
752 2552 865 2625 cfr.
908 2576 971 2639 p.
1015 2554 1169 2640 412,
1220 2555 1330 2635 18]
1342 2603 1361 2638 ,
1406 2555 1646 2640 palam,
1693 2553 1865 2637 quod
1913 2575 2078 2639 quae
2129 2552 2215 2618 H
2219 2551 2283 2617 Τ
2321 2556 2426 2618 est

374 2659 669 2745 aequalis
732 2660 861 2745 ipsi
925 2665 1017 2730 Ψ.
1114 2681 1310 2746 quare
1376 2665 1444 2727 et
1505 2660 1842 2746 portiones
1906 2659 2160 2746 AHZ,
2214 2658 2422 2739 APQ

375 2769 533 2831 sunt
576 2766 880 2859 aequales
930 2764 1107 2853 [περὶ
1151 2789 1308 2832 κων.
1356 2767 1491 2848 24].
1579 2770 1646 2831 et
1692 2766 1999 2851 quoniam
2045 2765 2115 2833 in
2158 2763 2412 2851 portio-

372 2870 567 2936 nibus
624 2871 1000 2957 aequalibus
1055 2874 1123 2937 et
1177 2871 1500 2939 similibus
1547 2870 1846 2956 APOL,
1891 2860 2115 2938 AHL
2173 2872 2282 2938 ab·
2314 2892 2428 2937 ex·

270 2994 344 3044 15
378 2977 821 3044 tremitatibus
889 2979 1147 3045 basium
1214 2982 1368 3045 sunt
1431 2979 1788 3065 productae
1856 3000 2020 3063 quae
2075 2977 2237 3062 ΑΩ,
2292 2978 2440 3043 ΑΖ

377 3082 681 3168 aequales
735 3084 1069 3171 portiones
1130 3084 1526 3171 auferentes,
1581 3086 1829 3177 palam,
1887 3084 2058 3169 quod
2117 3082 2434 3169 aequales

522 3299 574 3348 4.
612 3292 767 3365 HT]
808 3294 1050 3364 „habet“
1087 3294 1371 3364 Tar-talea,
1409 3296 1474 3351 ut
1510 3293 1609 3351 lin.
1652 3300 1734 3349 11.
1911 3298 1959 3350 5.
1999 3294 2240 3363 ‚,quam“
2281 3292 2426 3347 'I'ar-

379 3363 553 3420 talea.
733 3370 784 3421 8.
828 3365 1039 3438 portio]
1095 3366 1459 3436 „proportio“
1513 3363 1795 3421 Tartalea.
1982 3369 2064 3418 10.
2115 3363 2427 3434 „eandem“

378 3434 663 3559 Ξὲῐτὲξέ.
758 3442 840 3493 12.
878 3434 1100 3509 ΔΗΖ]
1138 3437 1367 3504 ,,αηιε“
1397 3434 1684 3493 Tartalea.
1761 3440 1844 3492 14.
1875 3433 2089 3507 ΔΗΒ]
2121 3434 2428 3505 ,,αΗιῑ15“
