2659 3967
719 187 819 244 DE
855 186 1265 244 PLANORUM
1302 188 1798 255 AEQUILIBRIIS
1837 193 1946 249 etc.
2221 193 2347 258 151

444 336 585 401 sint
637 338 771 400 tres
826 330 1313 419 magnitudines
1362 338 1452 417 A,
1488 338 1576 417 B,
1612 337 1696 420 Γ,
1751 338 1818 400 et
1862 341 2089 403 centra
2133 339 2354 424 graui·

296 441 475 508 tatis
538 461 763 506 earum
816 445 910 524 A,
952 441 1038 524 B,
1082 443 1147 504 Γ
1201 443 1447 524 puncta
1510 440 1582 505 in
1647 441 1874 506 eadem
1935 443 2113 509 linea
2171 449 2354 511 recta

298 548 551 633 posita.
653 552 720 613 et
783 546 1263 632 magnitudines
1318 553 1410 630 A,
1456 550 1542 631 B,
1585 550 1651 612 Γ
1707 549 2010 633 aequales
2067 550 2223 636 sint,
2286 556 2356 618 et

305 654 523 720 lineae
562 660 628 718 A
638 655 713 738 Γ,
748 657 873 719 ΓΒ
912 652 1236 738 aequales,
1312 653 1476 738 dico,
1521 656 1996 740 magnitudinis
2035 678 2111 721 ex
2148 659 2352 724 omni-

303 760 439 825 bus
477 758 1041 846 magnitudinibus
1077 759 1482 842 compositae
1511 766 1804 828 centrum
1832 762 2179 848 grauitatis
2207 785 2353 829 esse

303 869 627 951 punctum
673 868 748 932 Γ.
1347 944 1358 950 ,

445 995 605 1038 nam
651 973 965 1057 quoniam
1010 969 1497 1056 magnitudines
1541 979 1636 1057 A,
1675 977 1734 1038 B
1780 976 2050 1060 aequale
2097 975 2350 1061 pondus

302 1079 591 1164 habent,
644 1083 937 1145 centrum
985 1076 1336 1163 grauitatis
1382 1077 1512 1142 erit
1544 1082 1861 1164 punctum
1906 1082 1989 1166 Γ,
2045 1081 2352 1166 quoniam

306 1188 454 1252 ΛΓ
483 1217 569 1240 =
607 1188 731 1250 ΓΒ
788 1187 997 1271 [prop.
1041 1186 1131 1266 4].
1233 1185 1348 1250 sed
1399 1188 1467 1252 Γ
1513 1186 1714 1252 etiam
1767 1188 2236 1273 magnitudinis
2294 1190 2360 1253 Γ

306 1297 613 1358 centrum
659 1291 1009 1376 grauitatis
1047 1293 1166 1356 est.
1259 1290 1531 1374 adparet
1572 1292 1804 1378 igitur,
1849 1294 2048 1359 etiam
2097 1295 2351 1380 magni-

308 1399 563 1465 tudinis
638 1420 717 1463 ex
792 1397 1095 1464 omnibus
1170 1397 1570 1482 compositae
1643 1402 1937 1464 centrum
2001 1399 2350 1486 grauitatis

302 1505 456 1573 fore
508 1509 851 1596 punctum,
916 1503 1089 1589 quod
1142 1503 1316 1569 idem
1375 1503 1626 1571 mediae
1680 1505 2150 1592 magnitudinis
2205 1527 2350 1572 cen-

306 1615 491 1679 trum
536 1612 879 1698 grauitatis
927 1614 1043 1676 est.

1030 1835 1558 1894 COROLLARIUM
1594 1837 1636 1891 1.

448 1947 623 2015 Hinc
685 1947 1107 2014 manifestum
1166 1951 1295 2034 est,
1359 1949 1770 2032 quotcunque
1825 1947 2352 2032 magnitudinum

310 2056 665 2140 imparium
728 2076 998 2121 numero
1064 2057 1289 2120 centra
1358 2053 1702 2139 grauitatis
1767 2053 1838 2118 in
1896 2054 2122 2120 eadem
2177 2054 2351 2120 linea

312 2167 497 2228 recta
554 2162 772 2248 posita
826 2163 985 2246 sint,
1050 2161 1107 2225 si
1162 2164 1227 2226 et
1279 2161 1764 2247 magnitudines
1819 2161 2076 2246 aequali
2131 2162 2351 2247 spatio

312 2291 359 2334 a
403 2269 617 2335 media
662 2267 981 2334 distantes
1028 2268 1297 2352 aequale
1343 2268 1596 2352 pondus
1648 2267 1964 2354 habeant,
2018 2270 2086 2333 et
2137 2268 2352 2334 lineae

310 2377 489 2442 inter
552 2379 775 2442 centra
838 2397 1061 2440 earum
1123 2375 1380 2458 positae
1443 2375 1743 2460 aequales
1802 2374 1964 2461 sint,
2021 2375 2353 2461 magnitu-

314 2482 488 2548 dinis
536 2504 615 2548 ex
661 2481 961 2548 omnibus
1007 2481 1571 2567 magnitudinibus
1619 2481 2020 2566 compositae
2058 2487 2351 2563 centrum

312 2588 665 2674 grauitatis
726 2589 867 2654 fore
929 2592 1271 2673 punctum,
1339 2586 1511 2674 quod
1575 2586 1746 2653 idem
1813 2585 2066 2652 mediae
2127 2609 2357 2653 earum

310 2697 607 2760 centrum
656 2695 1003 2781 grauitatis
1051 2695 1153 2760 sit.
