2659 3967
994 205 1434 262 ARENARIUS.
2124 205 2258 272 291

222 374 447 422 rorum
514 353 600 434 [ἓ.
668 353 797 434 11].
900 351 1174 437 adparet
1236 351 1467 437 igitur,
1540 352 1597 416 si
1671 374 1748 417 ex
1813 374 2008 417 arena
2070 356 2264 418 tanta

226 458 513 544 sphaera
539 458 878 544 efficiatur,
906 462 1219 545 quantam
1238 457 1662 524 Aristarchus
1685 462 2009 544 supponat
2030 457 2260 543 sphae-

223 587 367 630 ram
432 565 771 630 stellarum
832 565 1107 630 fixarum
1163 585 1330 649 esse,
1388 587 1728 631 numerum
1775 587 2008 631 arenae
2055 564 2258 632 mino-

227 692 365 736 rem
415 671 554 737 fore
598 693 867 737 numero
912 670 1368 755 multiplicatis
1413 671 1593 736 mille
1635 671 1998 736 unitatibus
2039 672 2262 758 [septi-

226 799 484 843 morum
554 779 999 858 numerorum]
1067 777 1133 841 et
1200 776 1775 844 1000000000000
1838 780 2001 843 orto.
2102 800 2262 863 quo-

223 884 406 948 niam
463 888 681 950 autem
737 885 915 950 mille
968 883 1258 949 unitates
1316 885 1742 969 septimorum
1791 883 2257 968 [numerorum]

230 991 803 1077 quinquagesimus
862 990 1177 1056 secundus
1235 995 1335 1057 est
1389 992 1471 1056 ab
1526 991 1776 1056 unitate
1828 1012 2134 1056 numerus
2189 991 2261 1056 in

228 1073 668 1184 proportione,
714 1102 781 1162 et
822 1097 1393 1163 1000000000000
1439 1097 1672 1162 tertius
1711 1097 1994 1162 decimus
2034 1100 2135 1161 est
2172 1098 2256 1163 ab

220 1206 478 1271 unitate
514 1206 584 1270 in
621 1204 845 1271 eadem
880 1204 1318 1289 proportione,
1368 1204 1654 1289 adparet,
1701 1203 2087 1288 productum
2113 1201 2256 1269 fore

225 1312 696 1398 sexagesimum
734 1314 1039 1398 quartum
1075 1311 1157 1375 ab
1194 1311 1444 1375 unitate
1481 1311 1552 1375 in
1581 1310 1803 1374 eadem
1830 1309 2257 1396 proportione
2311 1339 2317 1346 ·
2348 1313 2352 1318 ’

225 1439 584 1484 numerum.
672 1419 733 1483 is
788 1421 1004 1482 autem
1062 1419 1331 1481 oetauus
1389 1419 1491 1481 est
1535 1437 1950 1482 numerorum
1998 1420 2258 1482 octauo-

228 1545 401 1607 mm,
456 1524 567 1610 qui
624 1529 725 1590 est
782 1523 961 1588 mille
1018 1522 1340 1607 myriades
1395 1544 1814 1588 numerorum
1862 1524 2260 1588 octauorum.

228 1628 647 1695 manifestum
686 1634 789 1695 est
823 1629 1051 1715 igitur,
1094 1649 1435 1694 numerum
1474 1648 1707 1692 arenae
1744 1627 2260 1714 magnitudinem

224 1735 533 1801 habentis
580 1735 914 1822 aequalem
964 1734 1278 1820 sphaerae
1325 1734 1662 1800 stellarum
1707 1734 2007 1818 fixarum,
2060 1756 2257 1818 quam

228 1845 557 1928 supponat
601 1841 1053 1928 Aristarchus,
1108 1842 1426 1907 minorem
1473 1863 1613 1908 esse
1658 1863 1850 1926 quam
1896 1840 2074 1905 mille
2115 1863 2257 1930 ⁴my·

224 1948 439 2014 riades
488 1952 867 2014 octauorum
914 1970 1345 2014 numerorum.
1424 1947 1588 2014 haee
1634 1952 1869 2034 autem,
1915 1969 2030 2013 rex
2076 1945 2256 2032 Οτι-310,
2279 1947 2366 2012 14

223 2057 426 2141 uulgo
496 2054 834 2120 hominum
907 2055 1401 2120 mathematices
1475 2054 1777 2139 imperito
1850 2053 2258 2120 incredibilia

224 2163 437 2228 uisum
484 2162 567 2227 iri
610 2165 799 2247 puto,
844 2161 1071 2247 peritis
1117 2182 1291 2242 uero,
1339 2162 1452 2247 qui
1497 2161 1842 2227 distantias
1891 2164 1958 2226 et
2008 2161 2257 2246 magni-

225 2268 485 2334 tudines
557 2271 768 2334 terrae
842 2271 909 2332 et
980 2267 1139 2333 solis
1213 2272 1281 2332 et
1352 2267 1542 2333 lunae
1618 2271 1684 2332 et
1754 2268 1956 2333 totius
2030 2266 2255 2332 mundi

226 2375 679 2462 cognouerint,
736 2373 1071 2440 eredibilia
1115 2377 1382 2458 propter
1429 2373 2047 2440 demonstrationem
2094 2373 2252 2439 fore.

224 2504 423 2567 quare
478 2480 731 2567 putaui,
784 2479 909 2544 tibi
954 2500 1207 2564 quoque
1253 2481 1594 2546 conuenire
1639 2480 1800 2545 haee
1845 2499 2251 2564 cognoscere.

1020 2814 1450 2828 m-

1817 3641 1924 3693 19*
