2659 3967
1061 176 1482 270 sumsimus
2163 185 2296 252 263
2329 223 2338 230 .

260 346 471 410 quare
516 329 560 400 l,
583 327 803 388 ΟΘΜ
819 333 889 396 >
916 326 1050 408 Thr
1066 321 1204 407 R.¹)
1294 345 1493 409 quare
1544 325 1722 390 linea
1763 331 1899 392 BA
1941 329 2151 395 maior
2195 336 2300 397 est

262 434 445 498 linea
474 431 594 496 sub
622 451 819 495 unam
846 434 1102 514 partem
1130 429 1562 512 subtendenti‚
1591 433 1844 499 ambitu
1872 434 2096 500 circuli
2115 440 2306 502 ΑΒΓ

264 539 345 606 in
388 541 606 622 partes
644 539 775 604 812
819 536 1051 602 diuiso,
1134 534 1246 601 sed
1280 535 1492 602 lineae
1529 541 1662 603 AB
1697 540 1988 625 aequalis
2025 546 2127 607 est
2163 542 2297 610 dia-

268 650 521 732 metrus
542 641 737 711 solis.
740 641 795 729 ²)
868 643 1142 728 adparet
1176 640 1462 728 igiturss),
1495 644 1884 712 diametrum
1913 646 2069 712 solis
2097 650 2297 716 maio·

268 774 412 818 rem
460 773 603 818 esse
646 752 851 816 latere
896 733 1145 834 figurat}
1189 749 1364 814 mille
1409 749 1706 818 laterum.

406 858 492 924 II.
537 857 662 924 His
708 859 927 922 autem
971 853 1324 941 suppositis
1367 858 1531 923 haec
1570 881 1826 945 quoque
1863 859 2296 940 demonstrari
2338 869 2376 932 1

271 969 576 1050 possunt.
614 965 1001 1030 diametrum
1038 963 1263 1028 mundi
1294 963 1612 1030 minorem
1649 989 1790 1032 esse
1825 966 2145 1033 diametro
2172 972 2297 1033 ter-

268 1093 385 1136 rae
449 1071 662 1137 decies
725 1071 959 1136 millies
1012 1073 1298 1154 sumpta,
1361 1075 1428 1137 et
1478 1076 1843 1157 praeterea,
1905 1071 2296 1140 diametrum

271 1177 503 1244 mundi
547 1177 763 1242 minus
809 1199 1005 1262 quam
1055 1177 1534 1244 10000000000
1577 1180 1794 1244 stadia
1836 1181 2100 1267 longam
2137 1202 2298 1248 esse.

269 1305 429 1349 nam
489 1284 795 1369 quoniam
856 1284 1267 1369 suppositum
1322 1289 1444 1369 est,
1508 1285 1896 1352 diametrum
1949 1287 2112 1353 solis
2163 1309 2298 1353 non

272 1391 589 1456 maiorem
634 1413 777 1456 esse
822 1412 1016 1475 quam
1063 1390 1446 1460 diametrum
1482 1391 1671 1458 lunae
1707 1393 1929 1459 tricies
1969 1397 2298 1478 sumptam

276 1497 581 1581 [hypoth.
630 1497 699 1577 3]
712 1541 733 1580 ·,
792 1502 857 1561 et
916 1497 1303 1562 diametrum
1361 1501 1568 1562 terrae
1615 1499 1928 1566 maiorem
1975 1521 2116 1565 esse
2161 1499 2298 1565 dia-

274 1606 485 1668 metro
532 1604 725 1668 lunae
764 1603 1062 1688 [hypoth.
1101 1605 1191 1687 2],
1234 1604 1514 1688 adparet,
1561 1603 1948 1669 diametrum
1983 1605 2142 1670 solis
2180 1606 2300 1669 mi-

273 1732 505 1776 norem
558 1731 701 1776 esse
756 1733 951 1794 quam
1006 1710 1398 1775 diametrum
1437 1715 1645 1774 terrae
1689 1710 1904 1776 tricies
1953 1715 2298 1795 sumptam.

275 1839 503 1882 rursus
549 1822 765 1882 autem
812 1817 1119 1902 quoniam
1164 1816 1676 1884 demonstratum
1722 1821 1850 1902 est,
1909 1818 2299 1885 diametrum

278 1923 439 1990 solis
477 1924 789 1990 maiorem
825 1944 967 1988 esse
1003 1923 1209 1988 latere
1244 1922 1492 2009 figurae
1527 1924 1706 1988 mille
1740 1925 2019 1990 laterum
2056 1924 2299 1990 circulo

278 2030 568 2095 maximo
603 2029 829 2095 mundi
864 2029 1234 2114 inscriptae,
1278 2027 1688 2096 manifestum
1725 2033 1844 2116 est,
1877 2030 2299 2116 perimetrum

276 2137 531 2221 figurae
592 2136 775 2201 illius
836 2136 1017 2200 mille
1082 2136 1364 2200 laterum
1423 2136 1731 2202 minorem
1787 2158 1930 2202 esse
1983 2138 2302 2204 diametro

282 2244 443 2308 solis
488 2243 727 2308 millies
766 2246 1043 2327 sumpta.
1118 2242 1470 2308 diametrus
1507 2245 1720 2310 autem
1757 2244 1916 2309 solis
1953 2245 2166 2311 minor
2203 2249 2305 2311 est

282 2372 483 2434 quam
510 2349 864 2414 diametrus
891 2353 1103 2413 terrae
1130 2349 1352 2414 tricies
1381 2353 1651 2436 sumpta.
1687 2372 1886 2435 quare
1911 2351 2302 2435 perimetrus

279 2457 533 2540 figurae
572 2456 755 2522 mille
790 2456 1072 2520 laterum
1108 2456 1324 2521 minor
1360 2459 1461 2521 est
1494 2455 1802 2522 diametro
1835 2461 2050 2522 terrae
2085 2459 2303 2524 tricies

282 2563 525 2628 millies
563 2565 843 2648 sumpta.
905 2563 1039 2626 iam
1076 2563 1386 2646 quoniam
1423 2562 1802 2647 perimetrus
1837 2563 2088 2648 figurae
2124 2564 2304 2628 mille
2341 2567 2388 2630 2

284 2670 563 2734 laterum
644 2672 857 2736 minor
938 2674 1039 2734 est
1108 2669 1426 2735 diametro
1497 2673 1707 2734 terrae
1774 2669 1993 2734 tricies
2065 2670 2304 2735 millies

434 2883 485 2951 1)
522 2881 668 2937 Nam
706 2886 871 2950 ss>
802 2885 1005 2954 >vim
1032 2895 1103 2938 ><
1130 2885 1324 2936 20000.

428 2956 484 3022 2)
523 2953 589 3008 H.
630 2969 676 3007 e.
716 2952 1023 3009 diametrus
1060 2951 1255 3007 circuli
1290 2952 1435 3018 ΣΗ;
1474 2967 1527 3004 ιι.
1566 2967 1620 3019 p.
1657 2952 1780 3016 258,
1816 2956 1900 3006 19.

432 3028 485 3094 3)
526 3021 671 3090 Quia
712 3023 895 3079 latera
936 3024 1346 3094 polygonorum
1392 2991 1807 3090 inscriptorum,
1855 3037 1966 3090 quo
2003 3019 2190 3106 plura,
2239 3035 2306 3074 eo

286 3096 509 3150 minora
545 3099 698 3163 sunt3
736 3095 931 3164 itaque
965 3095 1116 3150 latus
1149 3094 1364 3162 figurae
1394 3096 1499 3146 812
1535 3091 1794 3158 laterum,
1819 3092 1981 3162 quod
2008 3091 2194 3148 minus
2222 3093 2310 3147 est

287 3168 442 3222 linea
476 3173 520 3220 A
533 3171 593 3235 Β,
630 3166 812 3220 maius
850 3167 937 3222 est
970 3165 1148 3220 latere
1184 3163 1398 3234 figurae
1434 3161 1592 3218 mille
1627 3163 1876 3220 laterum.

288 3417 419 3457 cum
457 3415 637 3470 comp.
677 3417 757 3452 ων
792 3396 863 3465 F,
901 3412 1036 3452 corr.
1068 3394 1130 3452 B.
1279 3399 1364 3448 15.
1403 3389 1666 3464 σελήνας]
1706 3397 1822 3448 ελιν
1857 3407 1982 3448 mm
2017 3409 2204 3462 comp.
2243 3411 2313 3455 ας

285 3469 530 3599 {baeda
530 3468 729 3539 Basil„
774 3469 841 3523 ut
875 3467 971 3522 lin.
1013 3474 1096 3522 16.
1279 3466 1535 3536 μείζονα]
1575 3483 1669 3534 μει
1648 3467 1702 3530 ιζ
1735 3481 1862 3518 cum
1898 3479 2081 3535 comp.
2119 3482 2198 3519 ων
2235 3462 2310 3532 F;
