2659 3967
562 847 837 914 Omissis
874 846 1079 930 Ebria,
1116 846 1228 931 qui
1268 844 1715 912 ab'Arabibus
1755 846 1912 913 solis
1950 867 2470 913 commemoran-

426 957 569 1037 tur,
622 952 700 1016 de
754 950 989 1035 quibus
1034 973 1097 1015 u.
1144 949 1402 1027 Quaest.
1448 949 1643 1015 Arch.
1689 972 1754 1035 p.
1797 950 2092 1037 29-30,
2144 952 2272 1019 hoc
2315 953 2467 1019 loco

429 1058 650 1124 omnia
704 1056 1083 1122 testimonia
1136 1060 1205 1121 et
1249 1055 1625 1142 fragmenta
1668 1056 1987 1122 librorum
2032 1056 2465 1141 Archimedi8‚

428 1164 539 1248 qui
584 1160 1069 1246 interciderunt,
1104 1182 1268 1246 quae
1314 1162 1576 1247 quidem
1613 1162 1906 1229 inuenire
1943 1164 2290 1249 potuerim,
2336 1166 2466 1231 col·

426 1270 587 1355 legi3
632 1268 941 1353 pleraque
986 1266 1269 1333 indicaui
1316 1266 1576 1344 Quaest.
1623 1267 1819 1333 Aroh.
1865 1292 1926 1354 p.
1972 1270 2061 1335 30
2103 1292 2195 1355 sq.

1157 1481 1264 1546 De
1310 1482 1730 1567 polyedriS.

362 1627 395 1690 1
562 1608 821 1691 Pappus
850 1604 931 1689 V,
959 1606 1047 1673 34
1082 1628 1143 1693 p.
1179 1605 1339 1676 352:
1386 1606 1596 1674 ταῦτα
1639 1601 1707 1671 δ’
1759 1604 1943 1673 ἐστὶν
1989 1602 2073 1673 οὐ
2121 1604 2337 1691 μόνον
2385 1602 2464 1671 τὰ

290 1728 301 1733 ’
426 1709 605 1799 παρὰ
651 1713 743 1802 τῷ
792 1708 1122 1801 θειοτάτῳ
1160 1708 1481 1779 Πλάτωνι
1507 1710 1720 1794 ,πέντε
1757 1712 2078 1799 σχήματα,
2123 1711 2462 1779 τουτέστιν

425 1815 827 1906 τετράεδρόν
880 1841 951 1884 τε
1004 1815 1116 1883 καὶ
1162 1814 1515 1903 ἕξοέεδρον,
1572 1813 1941 1904 ὀκτάεδρον
1986 1843 2058 1886 τε
2101 1816 2213 1885 καὶ
2260 1821 2464 1886 δωδε-

426 1923 738 2011 κάεδρον,
794 1923 1091 2012 πέμπτον
1148 1920 1211 1990 δ’
1274 1922 1742 2011 εἰκοσάεδρον,
1800 1920 1971 1992 ἀλλὰ
2017 1922 2131 1992 καὶ
2174 1921 2265 1991 τὰ
2311 1920 2463 1992 ὑπὸ

422 2027 944 2117 Ἀρχιμήδους
998 2026 1434 2116 εὑρεθέντα
1487 2033 2003 2115 τρισκαίδεκα
2047 2028 2188 2099 τὸν
2233 2014 2465 2117 ἀριθ-

428 2136 578 2223 μὸν
631 2130 764 2203 ὑπὸ
813 2136 1231 2223 ἰσοπλεύρων
1277 2133 1404 2220 μὲν
1448 2134 1560 2202 καὶ
1599 2138 2001 2222 ἰσογωνίων,
2047 2134 2172 2223 οὐχ
2211 2133 2464 2223 ὁμοίων

420 2242 505 2309 δὲ
550 2240 965 2327 πολυγώνων
1012 2239 1466 2328 περιεχόμενα.

560 2345 637 2414 τὸ
684 2346 808 2435 μὲν
854 2344 982 2433 γὰρ
1029 2350 1298 2434 πρῶτον
1349 2344 1716 2435 ὀκτάεδρον
1765 2350 1944 2417 ἐστιν
1990 2348 2468 2437 περιεχόμενον

426 2451 559 2522 ὑπὸ
606 2451 959 2539 τριγώνων
1006 2455 1048 2519 δ
1057 2451 1073 2473 '
1122 2452 1235 2520 καὶ
1282 2452 1642 2539 ἑξαγώνων
1689 2452 1774 2521 δ’.

560 2565 711 2647 τρία
772 2558 847 2627 δὲ
905 2557 1067 2645 μετὰ
1120 2562 1322 2627 τοῦτο
1379 2558 2173 2648 τεσσαρεσκαιδεκάεδρα,
2236 2551 2337 2629 ὦν
2390 2561 2466 2628 τὸ

429 2666 552 2753 μὲν
589 2670 861 2753 πρῶτον
890 2667 1259 2755 περιέχεται
1286 2664 1645 2753 τριγώνοις
1671 2665 1742 2752 η’
1771 2666 1883 2733 καὶ
1910 2666 2352 2756 τετραγώνοις
2379 2666 2466 2751 ς’,

426 2770 503 2839 τὸ
563 2772 639 2840 δὲ
694 2769 1013 2858 δεύτερον
1071 2770 1518 2858 τετραγώνοις
1574 2771 1639 2843 ς’
1687 2772 1800 2839 καὶ
1848 2771 2207 2858 ἕξαγώνοις
2251 2770 2348 2859 η’,
2393 2768 2467 2839 τὸ

429 2878 505 2947 δὲ
550 2883 778 2967 τρίτον
823 2876 1179 2967 τριγώνοις
1223 2876 1295 2964 η’
1344 2878 1456 2944 καὶ
1504 2874 1914 2964 ὀκταγώνοις
1957 2878 2044 2950 ς’.

562 2982 723 3071 μετὰ
782 2983 859 3052 δὲ
913 2988 1123 3052 ταῦτα
1178 2982 1764 3073 ἕκκαιεικοσάεδρῶ
1822 2987 2004 3053 ἐστιν
2050 2983 2201 3070 δύο,
2247 2974 2347 3052 ὦν
2390 2981 2464 3051 τὸ

429 3089 556 3178 μὲν
609 3092 879 3177 πρῶτον
935 3090 1304 3178 περιέχεται
1356 3088 1712 3177 τριγώνοις
1756 3089 1827 3177 η’
1874 3090 1986 3158 καὶ
2031 3088 2469 3178 τετραγώνοις

432 3196 561 3284 ιη’,
607 3195 685 3266 τὸ
735 3196 809 3265 δὲ
848 3195 1168 3285 δεύτερον
1206 3195 1652 3284 τετραγώνοις
1688 3195 1807 3283 ιβ’,
1853 3195 2217 3283 ἑξαγώνοις
2252 3193 2323 3283 η’
2359 3194 2466 3263 καὶ

434 3301 845 3390 ὀκταγώνοις
888 3301 976 3374 ς’.
1220 3392 1231 3402 .

562 3408 725 3497 μετὰ
765 3408 841 3477 δὲ
876 3413 1088 3477 ταῦτα
1128 3407 1894 3499 δυοκαιτριακοντοίεδρά
1935 3410 2116 3479 ἐστιν
2153 3414 2327 3498 τρία,
2375 3398 2469 3476 ὦν

430 3513 506 3581 τὸ
567 3513 691 3599 μὲν
738 3519 1008 3602 πρῶτον
1054 3515 1424 3605 περιέχεται
1469 3515 1823 3603 τριγώνοις
1867 3516 1933 3582 κ’
1980 3516 2094 3583 καὶ
2141 3514 2470 3602 πενταγώ-
