2659 3967
422 165 556 230 386
738 163 835 220 DE
873 163 983 234 IIS,
1024 163 1222 230 QUAE
1259 163 1340 218 IN
1377 162 1666 220 HUMIDO
1702 164 2135 222 UEHUNTUR.

418 329 538 393 per
584 307 664 392 G,
710 313 777 374 et
820 330 956 376 non
1000 315 1226 377 manet
1271 311 1482 376 solida
1525 309 1741 394 portio
1787 308 2076 394 APOL,
2123 311 2240 376 sed
2285 313 2478 378 intra

418 415 759 483 humidum
806 417 933 482 erit
977 420 1251 501 motum,
1294 417 1500 481 donec
1547 415 1771 500 utique
1819 437 1986 500 quae
2021 415 2157 483 No
2203 417 2330 484 fiat
2371 441 2479 484 se—

420 521 701 588 cund'um
746 523 1366 608 perpendicularem.

1378 717 1492 783 VI.

346 859 380 909 5
552 841 785 912 Recta.
801 842 1019 927 portio
1064 834 1430 928 rectanguli
1477 841 1834 908 conoidalis
1883 842 2140 926 quando
2189 843 2476 910 humido

416 947 627 1013 leuior
658 949 957 1014 existens
1004 970 1192 1014 axem
1236 947 1542 1014 habuerit
1585 948 1899 1014 maiorem
1946 948 2214 1032 quidem
2261 972 2476 1034 quam

414 1053 819 1137 hemiolium,
862 1055 1180 1122 minorem
1226 1057 1465 1137 autem,
1512 1074 1708 1140 quam
1745 1056 1822 1118 ut
1857 1053 2060 1120 habet
2097 1055 2275 1122 hanc
2313 1080 2474 1142 pro-

414 1160 787 1244 portionem
828 1159 914 1226 ad
960 1181 1103 1226 eam
1148 1181 1311 1244 quae
1353 1181 1560 1244 usque
1597 1159 1680 1224 ad
1719 1181 1924 1245 axem,
1971 1182 2172 1245 quam
2209 1162 2478 1228 habent

397 1265 785 1351 quindecim
840 1266 921 1331 ad
978 1270 1317 1351 quattuor,
1377 1266 1648 1338 dimissa
1691 1266 1764 1330 in
1808 1267 2152 1332 humidum
2200 1269 2330 1352 ita,
2391 1275 2480 1335 ut

245 1457 253 1462 .
308 1390 380 1440 10
416 1372 597 1440 basis
644 1373 853 1457 ipsius
900 1373 1242 1458 contingat
1284 1371 1654 1456 humidum,
1696 1393 2056 1457 numquam
2103 1375 2320 1440 stabit
2367 1376 2475 1440 in-

413 1479 657 1546 clinata
710 1480 835 1566 ita,
893 1484 969 1546 ut
1026 1480 1204 1546 basis
1262 1479 1468 1562 ipsius
1525 1477 1874 1544 secundum
1931 1501 2136 1544 unum
2193 1481 2473 1566 signum

413 1585 757 1674 contingat
802 1585 1161 1652 humidum.
1795 1643 1802 1650 .
2021 1643 2028 1646 .

548 1693 635 1760 sit
679 1693 916 1778 portic,
963 1691 1175 1777 qualis
1219 1690 1396 1756 dieta
1431 1693 1549 1774 est,
1594 1693 1664 1758 et
1700 1689 1969 1758 dimissa
2003 1691 2074 1758 in
2111 1692 2470 1760 humidum

410 1800 761 1879 consistat,
820 1799 989 1864 sicut
1045 1802 1380 1865 ostensum
1426 1799 1555 1882 est,
1609 1797 1708 1863 ita
1752 1800 1830 1862 ut
1871 1797 2052 1864 basis
2097 1798 2310 1882 ipsius
2363 1822 2469 1866 se-

304 1921 373 1972 15
411 1906 695 1973 cundum
724 1928 924 1974 unum
954 1905 1218 1990 signum
1248 1903 1590 1987 contingat
1616 1902 1976 1968 humidum.
2023 1907 2204 1971 secta
2233 1910 2466 1974 autem

407 2012 555 2098 ipsa
625 2033 745 2096 per
814 2033 1001 2078 axem
1062 2010 1261 2096 plano
1326 2011 1507 2074 recto
1575 2009 1658 2075 ad
1725 2011 2132 2095 superficiem
2197 2010 2468 2078 humidi

408 2118 613 2184 sectio
662 2117 1028 2202 superficiei
1073 2116 1416 2202 portionis-
1451 2115 1539 2181 sit
1577 2136 1744 2200 quae
1767 2114 2051 2182 ,APOL
2084 2119 2466 2203 reetanguli

407 2224 555 2291 coni
610 2224 812 2290 sectio
870 2219 1047 2310 [περὶ
1090 2245 1249 2290 κων.
1302 2210 1414 2304 11]
1425 2271 1445 2307 ‚
1501 2221 1865 2306 superficiei
1922 2226 2144 2288 autem
2198 2223 2466 2290 humidi

409 2349 575 2415 quae
618 2329 763 2413 AS,
818 2330 957 2396 axis
1014 2333 1235 2395 autem
1289 2328 1615 2413 portionis
1673 2332 1740 2394 et
1783 2327 2104 2394 diameter
2148 2330 2240 2394 sit
2284 2353 2462 2414 quae

300 2455 371 2506 20
408 2437 489 2504 Ν
490 2435 567 2516 Ο,
618 2440 687 2504 et
732 2439 984 2502 secetur
1028 2436 1379 2502 secundum
1413 2435 1488 2502 F
1525 2433 1785 2520 quidem
1831 2436 1947 2518 ita,
1993 2438 2068 2499 ut
2114 2456 2282 2520 quae
2327 2435 2474 2502 OF

407 2543 497 2610 sit
555 2566 721 2631 quae
775 2543 975 2628 dupla
1026 2542 1232 2628 ipsius
1286 2543 1456 2627 FN,
1520 2541 1874 2608 secundum
1927 2543 1998 2606 Ω.
2055 2545 2275 2608 autem
2337 2543 2462 2628 ita,

404 2655 479 2717 ut
525 2673 691 2736 quae
728 2649 864 2717 No
910 2649 991 2717 ad
1018 2649 1158 2715 Fa
1202 2649 1444 2715 habeat
1488 2649 1982 2734 proportionem
2021 2670 2219 2734 quam
2259 2651 2456 2734 quin-

404 2758 611 2825 decim
668 2757 749 2824 ad
798 2761 1137 2844 quattuor,
1190 2759 1261 2822 et
1304 2755 1434 2840 ipsi
1478 2755 1559 2820 N
1559 2753 1613 2820 Ο
1665 2753 2024 2821 adducatur
2070 2777 2239 2840 quae
2286 2757 2458 2822 ΩΚ.

404 2887 567 2952 quae
616 2867 835 2935 autem
876 2849 1015 2930 ΝΟ
1046 2861 1363 2930 maiorem
1398 2861 1890 2947 proportionem
1927 2860 2254 2930 habet.ad
2291 2863 2458 2948 Fa,

295 2987 365 3040 25
404 2993 601 3057 quam
657 2971 740 3035 ad
798 2993 969 3055 eam,
1028 2991 1192 3056 quae
1251 2989 1456 3053 usque
1512 2967 1595 3033 ad
1641 2989 1844 3033 axem.
1916 2968 2026 3054 ,sit
2086 2990 2251 3054 quae
2308 2969 2459 3036 FB

403 3076 696 3162 aequalis
744 3076 822 3161 ei,
869 3098 1033 3161 quae
1079 3080 1281 3161 usque
1319 3073 1401 3140 ad
1441 3075 1646 3158 axem,
1693 3077 1758 3138 et
1795 3073 2072 3163 dueatur
2108 3097 2278 3161 quae
2315 3077 2458 3160 qui-

545 3312 596 3364 2.
640 3306 736 3377 ,,ἰ11
770 3306 1025 3364 motum“
1073 3303 1338 3360 Tartalea
1371 3303 1456 3372 (in
1491 3304 1650 3358 motu
1659 3302 1726 3372 2).
1876 3307 1924 3359 ¹¹1.
1963 3301 2164 3374 habet]
2203 3303 2459 3360 habeat?

403 3385 489 3436 17.
529 3377 869 3450 superficiei]
906 3375 1087 3432 deleo.
1228 3380 1309 3430 19.
1350 3373 1652 3446 diameter]
1690 3389 1766 3430 se.
1807 3373 2092 3432 sectionis.
2230 3379 2334 3429 20:
2361 3376 2460 3447 ut]

400 3449 954 3590 zama-...u
973 3447 1269 3572 taff]
1306 3445 2078 3586 0¹2¹3⁰·‚‚..‹²ss.2z¹:}2;†¹²²11
2119 3445 2229 3516 ”²⁴²
2264 3447 2462 3502 “²0⁶OE

2611 2887 2620 3056 4

2611 3103 2617 3258 ξ
