2659 3967
418 171 507 236 92
1174 171 1354 222 ΠΕΡΙ
1387 169 1688 223 ΕΜΚῼΝ.

416 315 693 392 ἕκαστος
754 316 892 380 τῶν
958 314 1031 380 ἐν
1094 316 1187 405 τῷ
1247 311 1754 401 ἐγγεγραμμένῳ
1822 307 2104 396 σχήματι
2159 315 2306 388 ἴσος
2357 311 2451 400 τῷ

416 417 657 488 κοινὰν
686 423 905 506 ἔχοντι
932 417 1233 506 πλευρὰν
1261 432 1454 505 τομεῖ
1473 421 1611 486 τῶν
1639 419 1713 484 ἐν
1737 419 1836 509 τῷ
1863 415 2451 506 περιγεγραμμένῳ

419 524 703 614 σχήματι
748 526 1027 612 τομέων.
1092 528 1305 611 δῆλον
1354 517 1504 610 οὖν,
1551 521 1656 591 ὅτι
1695 523 1812 591 καὶ
1847 521 2094 600 πάντες
2126 523 2201 588 oc
2231 533 2455 606 τομεῖς

418 630 783 700 πάντεσσιν
822 639 986 699 1ἴσοι
1041 629 1414 699 ἐσσούνται.
1508 637 1660 698 ἴσον
1715 627 1850 717 ἄρα
1904 627 2084 696 ἐστὶν
2137 625 2214 695 τὸ
2274 629 2454 712 ἐγγεψ

350 760 382 808 5
416 739 806 826 γραμμένον
868 734 1090 826 σχῆμα
1155 739 1229 805 ἐν
1291 740 1384 829 τῷ
1439 741 1662 828 χωρίῳ
1717 738 1809 829 τῷ
1865 735 2452 822 ’περιγεγραμμένῳ

418 847 571 934 περὶ
615 843 691 914 τὸ
740 850 991 932 χωρίον
1036 842 1318 931 σχήματι
1356 843 1558 931 χωρὶς
1591 845 1716 911 τοῦ
1753 847 1963 910 ΘΑΚ
1995 838 2264 928 τομέως.
2336 837 2454 926 μό-

420 977 539 1032 νος
596 949 727 1039 γὰρ
788 942 986 1030 οὗτος
1048 949 1133 1018 οὐ
1188 948 1506 1018 λελάπται
1558 954 1697 1018 τῶν
1753 952 1830 1018 ἐν
1880 951 1972 1041 τῷ
2019 971 2454 1035 περιγεγραμ-

420 1056 603 1149 μένφ
658 1057 959 1145 σχήματι.
1052 1060 1263 1144 δῆλον
1324 1049 1483 1143 οὖν,
1549 1055 1654 1125 ὅτι
1705 1055 1784 1124 τὸ
1839 1052 2456 1144 περιγεγραμμένον

424 1167 645 1251 σχῆμα
687 1169 811 1232 τοῦ
858 1163 1396 1252 ἐγγεγραμμένου
1442 1163 1670 1250 μεῖζόν
1709 1165 1848 1234 ἐστι
1881 1165 1974 1256 τῷ
2004 1168 2147 1229 ΑΚ
2153 1168 2212 1228 Θ
2245 1173 2454 1248 τομεῖ,

320 1290 385 1340 10
424 1267 503 1349 ὃς
546 1270 851 1338 ἐλάσσων
898 1271 1080 1340 ἐστὶν
1126 1275 1249 1339 τοῦ
1297 1269 1759 1359 προτεθέντος.

1269 1485 1618 1539 ΠΟΡΙΣΜΑ.

558 1589 631 1654 ἐκ
684 1586 931 1656 τούτου
992 1588 1068 1656 δὲ
1124 1588 1453 1678 φανερόν,
1503 1587 1607 1656 ὅτι
1653 1587 1950 1656 δυνατόν
1997 1589 2135 1655 ἐστι
2179 1587 2335 1675 περὶ
2377 1583 2455 1654 τὸ

423 1695 777 1781 εἰρημένον
823 1699 1074 1781 χωρίον
1120 1700 1374 1782 σχῆμα,
1420 1689 1571 1763 οἷον
1600 1693 1882 1785 εἰρήται,
1927 1692 2241 1783 γράφειν,
2289 1689 2456 1761 ὥστε

423 1796 499 1866 τὸ
555 1800 1171 1888 περιγεγραμμένον
1225 1804 1450 1888 σχῆμα
1504 1807 1730 1888 μεῖζον
1785 1797 1970 1886 εἶμεν
2025 1803 2148 1867 τοῦ
2204 1804 2458 1888 χωρίου

320 1924 385 1975 15
424 1902 741 1973 ἐλάσσονι
794 1904 1047 1984 παντὸς
1100 1910 1225 1973 τοῦ
1280 1908 1728 1995 προτεθέντος
1773 1911 2048 1994 χωρίου,
2093 1906 2208 1973 καὶ
2251 1904 2457 1972 πάλιν

426 2009 814 2098 ἐγγράφειν,
870 2009 1041 2080 ὥστε
1097 2010 1173 2080 τὸ
1231 2018 1484 2102 χωρίον
1539 2010 1787 2100 ὁμοίως
1833 2017 2058 2099 μεῖζον
2103 2008 2289 2098 εἶμεν
2331 2013 2457 2079 τοῦ

426 2118 877 2206 ἐγγραφέντος
922 2118 1258 2205 σχήματος
1296 2119 1614 2188 ἐλάσσονι
1650 2118 1898 2199 παντὸς
1934 2123 2060 2187 τοῦ
2096 2118 2456 2207 προτεθέν-

424 2249 539 2314 τος
582 2228 853 2313 χωρίου.

1379 2384 1512 2470 κβ’.

320 2527 389 2577 20
560 2505 881 2593 Λαβόντα
925 2506 1003 2576 τὸ
1052 2513 1304 2597 χωρίον
1350 2505 1426 2575 τὸ
1472 2506 1948 2596 περιεχόμενον
1985 2504 2118 2576 ὑπὸ
2164 2512 2284 2588 τᾶς
2330 2509 2459 2576 ἕλι-

424 2639 541 2694 κος
585 2617 702 2692 τᾶς
747 2614 821 2680 ἐν
867 2616 949 2701 τᾷ
998 2614 1278 2701 δευτέρᾳ
1322 2617 1657 2704 περιφορᾷ
1695 2615 2155 2701 γεγραμμένας
2190 2613 2304 2681 καὶ
2337 2618 2461 2694 τᾶς

425 2719 727 2805 εὐθείας,
774 2715 820 2785 δι’
868 2721 1006 2786 ἐστι
1053 2720 1331 2808 δευτέρα
1376 2723 1504 2786 τᾶν
1551 2722 1625 2787 ἐν
1669 2723 1750 2808 τᾷ
1799 2718 1973 2808 ἀρχᾷ
2019 2723 2138 2799 τᾶς
2183 2743 2460 2808 περιφο-

425 2829 548 2914 ρᾶς
595 2824 890 2894 δυνατόν
938 2827 1077 2894 ἐστι
1121 2825 1274 2913 περὶ
1320 2821 1486 2893 αὐτὸ
1535 2830 1755 2913 σχῆμα
1793 2827 2108 2896 ἐπίπεδον
2143 2825 2460 2916 περιγρά-

423 2944 549 3012 ψαι
585 2933 652 3012 ἐξ
690 2919 950 3018 ὁμοίων
976 2932 1235 3018 τομίων
1266 2938 1707 3019 συγκείμενον
1743 2932 1860 2999 καὶ
1897 2931 2066 3000 ἄλλο
2105 2931 2459 3020 ἐγγράψαι,

319 3057 387 3106 25
427 3035 597 3106 ὥστε
658 3034 733 3104 τὸ
800 3037 1213 3125 περιγραφὲν
1277 3041 1402 3105 τοῦ
1468 3039 1919 3127 ἐγγραφέντος
1983 3045 2207 3126 μεῖζον
2272 3035 2459 3126 εἶμεν

427 3142 742 3211 ἐλάσσονι
787 3141 1038 3223 παντὸς
1080 3147 1202 3212 τοῦ
1249 3146 1697 3232 προτεθέντος
1742 3151 2009 3233 χωρίου.

568 3309 618 3357 4.
658 3320 922 3358 εσουνται
957 3301 1019 3370 F,
1055 3302 1245 3372 uulgo.
1403 3308 1454 3358 5.
1494 3304 1597 3374 τῷ]
1642 3305 1923 3374 (alterum)
1961 3323 2024 3359 το
2062 3304 2130 3361 E·
2273 3310 2322 3361 ⁷.
2359 3299 2430 3360 οὗ

426 3372 625 3428 addidi
660 3389 787 3428 eum
823 3373 1039 3438 Nizzi03
1086 3390 1194 3428 om.
1232 3372 1301 3442 F,
1349 3374 1548 3444 uulgoz
1595 3373 1880 3429 λέλειπται
1913 3376 1976 3431 Β.
2149 3381 2197 3429 9.
2238 3377 2432 3444 μεῖξον

424 3443 615 3517 1303D3
643 3445 847 3514 μειζων
864 3443 928 3508 F,
956 3444 1146 3513 uulgo.
1260 3449 1341 3499 14.
1365 3441 1549 3515 εἴμεν]
1570 3445 1876 3510 ΤοῐεΠίαες
1907 3465 2057 3502 ειναι
2073 3464 2174 3516 per
2194 3462 2374 3516 comp.
2445 3489 2462 3515 ,

424 3513 617 3584 uulgO.
766 3518 848 3569 15.
890 3509 1172 3585 ἐλάσσονι]
1214 3518 1452 3571 elamor
1489 3534 1647 3586 ειμεν
1682 3515 1754 3584 1¹¹3
1792 3531 1930 3572 corr.
1967 3517 2031 3574 Β.
2175 3521 2292 3572 παλ
2328 3534 2462 3572 cnm
