2659 3967
475 210 574 307 DE⁸
610 210 721 279 IIS,
764 210 961 276 QUAE
999 210 1079 265 IN
1115 209 1407 266 HUMIDO
1446 210 1873 267 UEHUNTUR.
2057 212 2189 276 379

147 336 258 424 IS
300 356 688 441 contingens
736 356 1092 421 sectionem
1137 355 1410 421 APOL
1454 376 1653 444 penes
1701 355 1781 440 Ο,
1829 361 1896 422 et
1940 357 2191 421 solidae

151 464 417 549 quidem
463 462 934 548 magnitudinis
959 461 1230 528 APOL
1275 465 1570 527 centrum
1608 462 1956 548 grauitatis
1996 463 2085 529 sit
2109 463 2191 543 R,

28 642 32 649 ‚
149 570 358 654 ipsius
399 572 616 633 autem
642 567 885 635 IPOS
917 568 1113 634 solidi
1149 571 1443 633 centrum
1470 567 1558 652 B,
1594 571 1663 633 et
1690 570 1990 653 copulata
2025 590 2191 654 quae

150 675 296 741 BR
345 674 682 757 educatur,
739 678 806 739 et
851 676 1147 739 centrum
1193 674 1542 761 grauitatis
1588 674 1875 759 reliquae
1920 675 2189 760 figurae,

151 782 405 848 scilicet
428 781 482 845 I
481 780 691 865 SLA,
729 780 820 846 sit
849 779 911 845 G
951 779 1090 861 [cfr.
1129 780 1300 845 ἐπιπ.
1327 780 1554 865 leoco.
1581 779 1634 864 1,
1671 782 1759 861 8].
1824 780 2127 845 similiter
2138 779 2191 867 ¹)
2227 792 2267 842 5

151 886 708 953 demonstrabitur
753 888 1035 971 angulus
1072 887 1335 972 quidem
1373 886 1486 970 qui
1526 886 1647 951 sub
1684 885 1904 952 ΕΘΚ
1939 891 2188 970 acutus,

149 992 702 1081 perpendicularis
761 1014 924 1077 quae
981 994 1064 1058 ab
1109 992 1200 1077 R,
1259 992 1411 1076 ΤΒ,
1468 993 1549 1057 ad
1594 992 1673 1056 K
1672 998 1739 1057 Ω,
1791 993 2189 1078 producitur,

152 1101 390 1166 cadens
433 1099 608 1165 inter
651 1099 734 1164 K
767 1104 833 1164 et
875 1104 968 1185 Ω,
1029 1088 1241 1184 sitque
1286 1098 1435 1165 ΒΤ.
1526 1100 1583 1165 si
1630 1104 1847 1165 autem
1881 1100 1979 1179 ,ab
2024 1100 2187 1183 ipsis

153 1206 235 1286 G,
279 1206 350 1272 Β
395 1206 714 1271 ducantur
759 1205 1284 1291 aequedistanter
1329 1206 1460 1289 ipsi
1504 1205 1662 1290 ΒΤ,
1708 1206 1880 1291 quod
1927 1206 2190 1290 quidem

151 1314 224 1378 in
267 1312 538 1378 humido
588 1312 1005 1394 absumptum
1048 1312 1293 1377 feretur
1341 1335 1596 1378 sursum
1642 1312 1996 1379 secundum
2040 1335 2187 1397 pro·
2228 1322 2300 1371 1⁰

153 1420 417 1485 ductam
475 1438 593 1503 per
637 1417 701 1483 G·
747 1417 810 1499 [I
852 1416 1127 1502 hypoth.
1174 1419 1264 1498 2].
1359 1418 1530 1502 quod
1577 1423 1797 1484 autem
1844 1422 2028 1483 extra
2067 1419 2187 1483 hu-

154 1526 404 1591 midum
461 1524 810 1589 secundum
861 1524 1251 1609 productam
1306 1546 1423 1608 per
1467 1524 1537 1590 B
1578 1524 1823 1592 feretur
1870 1525 2188 1608 deorsum,

151 1636 223 1697 et
277 1653 413 1697 non
466 1635 689 1696 manet
743 1631 1023 1697 solidum
1066 1629 1336 1696 APOL
1390 1630 1486 1695 sic
1534 1652 1603 1695 se
1655 1630 1903 1695 habens
1960 1631 2031 1695 in
2073 1630 2189 1695 hu-

153 1738 354 1823 mido,
401 1738 514 1803 sed
561 1737 732 1821 quod
777 1737 1036 1823 quidem
1083 1736 1436 1802 secundum
1462 1737 1531 1802 A
1565 1735 1837 1802 habebit
1871 1737 2185 1802 lationem

153 1866 430 1927 sursum,
477 1844 651 1929 quod
695 1847 917 1910 autem
964 1842 1319 1909 secundum
1357 1843 1417 1909 L
1462 1843 1779 1928 deorsum,
1827 1843 2028 1909 donec
2067 1844 2186 1909 fiat
2224 1852 2293 1903 15

155 1971 317 2035 quae
362 1950 506 2016 PF
543 1950 892 2017 secundum
936 1949 1555 2035 perpendicularem.

1106 2194 1221 2263 IV.

279 2338 493 2405 Recta
553 2340 769 2425 portio
833 2339 1201 2425 rectanguli
1255 2340 1614 2407 conoidalis
1672 2341 1931 2427 quando
1984 2341 2183 2411 fuerit

151 2445 363 2513 leuior
418 2445 686 2513 humido
743 2448 810 2513 et
852 2467 1040 2515 axem
1082 2445 1386 2513 habuerit
1429 2447 1742 2515 maiorem
1789 2470 1984 2533 quam
2031 2450 2183 2514 emi-

156 2552 360 2619 olium
415 2552 582 2631 eius,
638 2573 802 2636 quae
857 2574 1062 2639 usque
1109 2552 1193 2620 ad
1238 2574 1453 2637 axem,
1508 2552 1565 2619 si
1608 2552 1680 2619 in
1722 2554 2051 2639 grauitate
2098 2553 2181 2619 ad
2219 2562 2291 2611 2⁰

153 2657 491 2723 humidum
531 2678 770 2740 aequae
807 2659 1002 2725 molis
1034 2680 1172 2727 non
1208 2659 1529 2727 minorem
1556 2658 2043 2743 proportionem
2070 2658 2183 2723 ha.-

152 2766 312 2829 beat
367 2762 513 2846 illa,
571 2784 768 2847 quam
821 2764 1024 2829 habet
1075 2767 1494 2849 tetragonum
1551 2763 1725 2848 quod
1768 2765 1853 2829 ab
1898 2784 2185 2848 excessu,

150 2892 282 2957 quo
339 2869 552 2936 maior
608 2872 708 2933 est
763 2870 902 2935 axis
961 2892 1157 2954 quam
1205 2868 1499 2935 emiolius
1546 2869 1711 2954 eius,
1766 2890 1933 2955 quae
1978 2891 2183 2957 usque

297 3082 350 3151 1)
391 3078 477 3135 Sc.
516 3095 584 3134 ac
621 3094 790 3150 supra
822 3078 882 3134 in
914 3054 1392 3137 demonstratione
1420 3095 1577 3149 prop.
1607 3084 1658 3147 2,
1696 3096 1837 3149 quae
1864 3077 2181 3146 intercidit3

149 3152 222 3207 de
259 3170 319 3208 re
357 3170 411 3209 u.
447 3149 620 3205 Nizze
658 3168 714 3221 p.
753 3156 876 3221 234,
914 3170 965 3220 η.

20 3336 22 3367 ³
292 3353 342 3403 e.
381 3346 619 3472 Rota}
643 3347 884 3415 „mm
923 3347 1204 3403 ramea.
1378 3352 1426 3403 τ.
1534 3344 1963 3416 mendicantis]
2012 3343 2180 3399 scrib.

148 3420 217 3473 et
291 3434 407 3488 erp.
562 3463 564 3465 v
625 3418 706 3491 R]
745 3434 852 3474 om.
894 3416 1106 3473 Gomm.
1261 3418 1405 3487 „kffl
1494 3417 1720 3471 artalea.
1866 3421 1915 3472 8.
1954 3414 2032 3485 Ω]
2072 3417 2179 3481 ,,ο“

146 3490 194 3543 Τ
346 3505 430 3545 ea.
567 3494 653 3544 10.
691 3490 930 3559 ,,1ὀιϊοί;“
974 3488 1258 3545 Tartalea.
1391 3492 1474 3545 12.
1513 3488 1856 3558 „Producta“
1893 3486 2179 3542 Tartalea.

145 3565 234 3615 21.
274 3560 514 3632 aequae]
552 3576 606 3615 κ
645 3560 922 3631 aequalis;
963 3563 1210 3631 „aeque“
1249 3558 1529 3615 Tartalea.
