2659 3967
424 162 558 227 350
881 149 1497 218 TETPAmmMoz
1530 166 2001 222 nAPABoAflz.

419 304 598 387 ὕψος
644 312 818 393 ἴσον,
863 310 988 375 τοῦ
1035 306 1111 375 δὲ
1157 312 1365 375 ΑΒΓ
1400 307 1737 396 τριγώνου
1783 312 1950 377 ἔστω
1998 310 2333 397 ἐπίτριτον
2376 309 2461 378 τὸ

419 418 491 479 Κ
549 418 819 503 χωρίον.
921 415 1250 501 δεικτέον,
1325 412 1429 483 ὅτι
1494 422 1648 483 ἴσον
1713 416 1851 483 ἐστὶ
1915 419 2007 509 τῷ
2070 425 2137 483 Λ
2155 424 2224 484 Λ
2244 424 2301 485 Β
2320 424 2389 484 Ε
2406 422 2480 485 Γ

418 517 726 605 τμάματι.

554 629 617 693 εἰ
657 622 786 714 γὰρ
825 626 918 714 μή
957 628 1140 696 ἐστιν
1177 634 1353 711 ἴσον,
1398 625 1547 714 ἤτοι
1586 626 1813 714 μεῖζόν
1851 629 2031 697 ἐστιν
2069 625 2112 717 ἢ
2152 634 2469 699 ἔλασσον.

349 741 383 793 5
421 734 585 799 ἔστω
623 732 971 822 πρότερον,
1019 737 1083 800 εἰ
1117 730 1437 820 δυνατόν,
1485 738 1707 819 μεῖζον
1744 731 1820 801 τὸ
1852 743 1917 802 Α
1926 742 1995 802 Δ
2003 742 2205 805 ΒΕΓ
2230 740 2463 823 τμᾶμα

1390 873 1473 933 ,Β

408 1728 532 1793 τοῦ
561 1729 633 1790 Κ
674 1728 944 1813 χωρίου.
1011 1724 1347 1815 ἐνέγραψα
1393 1723 1479 1812 δὴ
1526 1723 1607 1793 τὰ
1638 1734 1703 1793 Α
1714 1733 1782 1793 Δ
1791 1733 1871 1813 Β,
1901 1733 2104 1795 ΒΕΓ
2126 1733 2481 1818 τρίγωνα,.

411 1826 502 1912 ὠς
566 1827 838 1920 εἰρήται.
930 1832 1265 1919 ἐνεγραψα
1330 1829 1407 1899 δὲ
1468 1831 1581 1898 καὶ
1644 1836 1739 1912 εἰς
1794 1830 1875 1900 τὰ
1932 1833 2452 1922 περιλειπόμενα

406 1936 711 2025 τμάματα
765 1935 936 2005 ἄλλα
988 1942 1284 2025 τρίγωνα
1336 1935 1463 2005 τάν
1510 1934 1725 2006 αὐτὰν
1770 1938 1975 2025 βάσιν
2020 1946 2259 2028 ἔχοντα
2301 1956 2450 2028 τρῖς

406 2042 860 2131 τμαμάτεσσιν
905 2044 1018 2110 καὶ
1053 2041 1227 2125 ὕψος
1261 2041 1338 2111 τὸ
1377 2041 1567 2129 αὐτό,
1615 2044 1727 2111 καὶ
1765 2041 1870 2113 ἀεὶ
1909 2050 2003 2126 εἰς
2038 2045 2119 2115 τὰ
2158 2044 2451 2139 ὕστερον

301 2170 370 2226 10
405 2151 730 2237 γινόμενα
773 2148 1080 2236 τμάματα
1125 2150 1441 2239 ἐγγράφω
1490 2149 1674 2235 [δύο]
1719 2156 2015 2241 τρίγωνα
2058 2153 2188 2222 τὰν
2231 2152 2453 2223 αὐτὰν

405 2255 608 2343 βάσιν
680 2262 923 2349 ἔχοντα
985 2270 1126 2336 τοῖς
1186 2256 1637 2344 τμαμάτεσσιν
1700 2258 1812 2325 καὶ
1874 2257 2049 2340 ὕψος
2111 2258 2189 2329 τὸ
2259 2257 2449 2329 αὐτό.

407 2362 763 2431 ἐσσούνται
806 2360 891 2451 δὴ
927 2362 1010 2431 τὰ
1047 2363 1576 2450 καταλειπόμενα
1612 2363 1917 2452 τμάματα
1955 2364 2288 2435 ἐλάσσονα
2325 2372 2451 2447 τᾶς

402 2466 768 2558 ὑπεροχάς,
816 2460 859 2561 ᾆ
905 2466 1208 2558 ὑπερέχει
1253 2466 1330 2537 τὸ
1377 2475 1734 2538 ΑΔΒΕΓ
1765 2476 1991 2559 τμᾶμα
2034 2476 2158 2541 τοῦ
2205 2478 2277 2540 K
2316 2501 2447 2561 χω-

405 2582 576 2665 ρίου.
651 2574 819 2645 ὤστε
863 2575 939 2645 τὸ
989 2576 1497 2665 ἐγγραφόμενον
1534 2577 1935 2663 πολύγωνον
1971 2584 2194 2665 μεῖζον
2234 2582 2447 2647 ἐσσεί-

299 2711 367 2761 15
403 2708 510 2750 ται
556 2686 680 2750 τοῦ
721 2690 814 2750 Κ·
890 2681 1051 2771 ὅπερ
1099 2680 1461 2751 ἀδύνατον.
1536 2684 1674 2751 ἐπεὶ
1718 2682 1849 2773 γάρ
1899 2686 2079 2752 ἐστιν
2126 2686 2275 2771 ἑξῆς
2309 2691 2445 2753 κεί-

404 2816 573 2876 μενα
619 2794 831 2877 χωρία
878 2791 951 2857 ἐν
996 2793 1089 2882 τῷ
1135 2794 1646 2878 τετραπλασίονι
1738 2789 1951 2882 λόγῳ,
1998 2795 2269 2878 πρῶτον
2313 2790 2442 2877 μὲν

401 2893 479 2963 τὸ
545 2899 755 2961 ΑΒΓ
804 2900 1140 2983 τρίγωνον
1203 2894 1691 2987 τετραπλάσιον
1753 2898 1890 2963 τῶν
1945 2903 2190 2983 ΑΔΒ,
2246 2903 2455 2965 ΒΕΓ

402 2999 775 3089 τριγώνων,
822 3006 1043 3069 ἔπειτα
1091 3000 1168 3069 δὲ
1214 2997 1385 3069 αὐτὰ
1430 3004 1641 3069 ταῦτα
1685 3004 2132 3092 τετραπλάσια
2170 3009 2308 3073 τῶν
2346 3009 2445 3085 εἰς

401 3104 484 3173 τὰ
531 3106 822 3194 ἑπόμενα
867 3107 1172 3195 τμάματα
1219 3108 1712 3196 ἐγγραφέντων,
1759 3109 1872 3176 καὶ
1918 3106 2023 3177 ἀεὶ
2071 3108 2272 3197 οὕτω,
2321 3115 2441 3198 δῆ-

545 3309 593 3359 2.
631 3302 708 3372 τῷ
765 3322 830 3358 το
855 3302 916 3359 F.
1003 3308 1054 3359 4.
1086 3298 1262 3375 ἐστιν]
1287 3304 1571 3374 (alterum)
1600 3321 1701 3375 per
1728 3322 1907 3375 comp.
1928 3304 1991 3362 F.
2079 3312 2129 3361 5.
2150 3310 2258 3360 AA
2268 3308 2447 3361 ΕΒΓ

402 3373 473 3441 F3
515 3391 650 3430 corr.
740 3374 993 3443 omnine,
1041 3375 1108 3429 ut
1142 3374 1240 3429 lin.
1283 3380 1367 3431 13.
1511 3395 1701 3445 τμημα
1734 3375 1807 3444 F3
1855 3393 1993 3431 corr.
2032 3377 2335 3443 Tol-essius,
2372 3380 2441 3432 ut

398 3446 496 3501 lin.
527 3452 580 3514 3,
608 3452 658 3513 8,
692 3450 778 3516 10,
809 3450 892 3513 12,
928 3452 1009 3501 13.
1121 3452 1170 3500 6.
1209 3445 1397 3517 ΑΔΒ]
1438 3451 1545 3500 ΑΔ
1579 3447 1641 3504 F.
1737 3453 1786 3502 9.
1823 3466 2104 3517 τμημασιν
2140 3448 2202 3517 F,
2241 3448 2437 3518 uulg0,

401 3517 469 3569 ut
502 3516 599 3573 lin.
632 3522 726 3586 11;
762 3512 1012 3588 τμάμασι
1049 3516 1344 3574 Torellius.
1492 3523 1575 3575 10.
1615 3514 1747 3590 δύο]
1788 3518 1963 3574 deleo.
2114 3524 2196 3574 12.
2236 3538 2435 3575 εσουν-
