2659 3967
418 145 552 210 214
661 128 672 135 ⁷
935 145 1326 199 ΕΠΙΠΕΔΩΝ
1360 133 1817 199 ΙΣοΡΡοΠΙΩΝ
1852 142 1941 199 Β’.

419 299 528 376 ρεῖ
567 285 691 355 τὰν
737 291 862 356 τοῦ
905 286 1245 374 τμάματος
1282 287 1663 377 διάμετρον,
1711 286 1879 357 ὥστε
1917 285 2100 374 εἶμεν
2137 285 2462 374 ἁμιόλιον

417 391 495 462 τὸ
543 395 744 483 μέρος
789 393 995 476 αὐτᾶς
1037 393 1114 462 τὸ
1163 395 1314 462 ποτὶ
1360 399 1443 482 τᾷ
1487 398 1756 484 κορυφᾷ
1802 399 1924 464 τοῦ
1958 393 2295 481 τμάματος
2330 397 2463 462 τοῦ

417 501 572 569 ποτὶ
615 507 700 590 τᾷ
747 501 959 588 βάσει.

601 613 768 678 ἔστω
815 607 890 677 τὸ
931 615 1136 677 ΑΒΓ
1171 613 1417 696 τμᾶμα,
1466 601 1615 676 οἷον
1662 606 1939 696 εἰρήται,
1986 607 2343 696 διάμετρος
2384 605 2468 674 δὲ

353 729 386 778 5
421 711 634 782 αὐτοῦ
692 720 856 783 ἔστω
905 711 946 782 ἆ
995 722 1161 800 ΒΔ,
1215 715 1496 802 κέντρον
1544 713 1620 781 δὲ
1664 719 1787 782 τοῦ
1832 713 2077 803 βάρεος
2120 711 2197 781 τὸ
2242 721 2301 781 Θ
2347 731 2467 780 σα-

419 833 629 906 μεῑον.
722 822 1040 907 δεικτέον,
1090 819 1193 888 ὅτι
1239 817 1513 906 ἆμιολία
1560 820 1741 888 ἐστὶν
1788 817 1831 888 ἆ
1878 828 2006 888 ΒΘ
2048 824 2167 900 τοῖς
2210 827 2367 888 ΘΔ.

415 953 419 958 ·
553 927 1000 1016 ἐγγεγράφθω
1037 930 1104 1006 ἐς
1137 926 1214 994 τὸ
1246 931 1455 994 ΑΒΓ
1480 930 1705 1014 τμᾶμα
1741 933 2093 1015 γνωρίμως
2118 932 2462 1014 τρίγωνον

419 1030 495 1099 τὸ
541 1039 760 1118 ΑΒΓ,
809 1025 891 1101 οὗ
935 1035 1216 1122 κέντρον
1261 1037 1385 1101 τοῦ
1431 1033 1675 1122 βάρεος
1721 1038 1887 1102 ἔστω
1930 1031 2009 1102 τὸ
2048 1041 2125 1100 Ε.
2195 1034 2310 1100 ’καὶ
2354 1059 2463 1100 τε-

419 1136 700 1224 τμάσθω
739 1145 893 1228 δίχα
931 1140 1205 1229 ἑκατέρα
1241 1143 1368 1207 τᾶν
1396 1147 1548 1225 ΒΑ,
1586 1146 1730 1225 ΒΓ,
1774 1140 1885 1206 καὶ
1922 1137 2161 1226 ἄχθων
2199 1141 2274 1206 αἱ
2298 1145 2459 1224 ΚΖ,

317 1259 386 1308 110
421 1250 564 1312 HA
617 1246 795 1335 παρὰ
849 1245 974 1314 τὰν
1021 1253 1078 1314 Β
1093 1255 1175 1314 Δ.
1267 1238 1613 1335 διαμέτροι
1667 1245 1801 1335 ἄρα
1858 1247 1996 1315 ἐντὶ
2040 1250 2177 1314 τῶν
2224 1253 2459 1332 ΑΚΒ,

425 2365 558 2426 ΒΛ
568 2365 631 2427 Γ
675 2360 1051 2448 τμαμοὲτων.
1143 2365 1306 2429 ἔστω
1357 2351 1485 2430 οὖν
1528 2365 1651 2428 τοῦ
1696 2360 1819 2447 μὲν
1867 2369 1931 2428 Α
1939 2367 2007 2428 Κ
2015 2367 2072 2428 Β
2116 2358 2457 2447 τμάματος

421 2467 702 2555 κέντρον
756 2472 878 2535 τοῦ
935 2467 1176 2557 βάρεος
1229 2467 1306 2535 τὸ
1357 2475 1465 2552 Μ,
1518 2472 1641 2544 τοῦ
1699 2468 1774 2536 δὲ
1819 2475 1953 2536 ΒΛ
1963 2473 2026 2535 Γ
2061 2465 2137 2534 τὸ
2185 2473 2284 2553 Ν,
2340 2465 2454 2533 καὶ

424 2572 936 2662 ἐπεζεύχθωσαν.
992 2579 1068 2642 αἱ
1119 2581 1282 2662 ΖΗ,
1340 2581 1529 2660 ΜΝ,
1588 2579 1745 2642 ΚΛ.
1836 2577 1957 2642 τοῦ
2022 2572 2156 2661 ἄρα
2212 2573 2279 2654 ἐξ
2333 2569 2455 2657 ἀμ-

423 2682 731 2770 φοτέρων
775 2684 912 2750 τῶν
947 2679 1306 2768 τμαμοίτων
1347 2681 1783 2767 συγκειμένου
1819 2681 2139 2767 μεγέθεος
2172 2679 2455 2765 κέντρον

321 2803 386 2852 15
422 2791 547 2855 τοῦ
592 2787 834 2877 βάρεός
879 2791 1017 2856 ἐστι
1061 2786 1138 2854 τὸ
1179 2794 1254 2854 Χ.
1317 2786 1431 2854 καὶ
1478 2789 1625 2854 ἐπεί
1664 2789 1865 2872 ἐστιν,
1913 2783 2005 2866 ὥς
2050 2783 2093 2852 o‘c
2131 2791 2257 2852 ΒΘ
2300 2783 2455 2858 ποτὶ

424 2900 581 2978 ΘΛ,
629 2893 841 2976 οὕτως
887 2891 929 2961 ἆ
977 2899 1144 2962 ΚΜ
1177 2893 1330 2962 ποτὶ
1370 2901 1457 2961 Μ
1458 2899 1554 2978 Z„
1578 2893 1691 2961 καὶ
1738 2891 2060 2961 συνθέντι
2105 2892 2218 2959 καὶ
2264 2894 2454 2960 ἐναλ-

423 2998 576 3084 λάξ,
624 2997 714 3079 ὥς
758 2997 801 3068 ἆ
847 3007 985 3067 ΒΔ
1030 3000 1180 3068 ποτὶ
1218 3005 1381 3087 ΚΖ,
1429 2998 1643 3080 οὕτως
1688 2997 1731 3066 οἳ
1769 3007 1903 3068 ΛΘ
1947 3000 2100 3066 ποτὶ
2137 3005 2313 3084 ΜΖ,
2358 3022 2455 3065 τε·

423 3111 796 3192 τραπλασία
850 3105 927 3174 δὲ
981 3103 1022 3174 ἆ
1080 3113 1137 3174 Β
1149 3115 1216 3173 Λ
1269 3110 1388 3188 τοῖς
1433 3113 1591 3174 ΚΖ·
1680 3111 1878 3175 τοῦτο
1934 3105 2063 3196 γὰρ
2122 3107 2227 3174 ἐπὶ
2280 3104 2457 3172 τέλει

426 3210 797 3298 δεικνύται,
855 3203 940 3282 οὗ
995 3227 1271 3302 σαμεῖον
1318 3215 1430 3302 θ’
1520 3219 2019 3302 τετραπλασίων
2073 3210 2207 3300 ἄρα
2252 3211 2364 3290 καὶ
2410 3207 2455 3278 ἁ

317 3332 388 3382 20
428 3324 562 3386 ΛΘ
606 3321 722 3398 τᾶς
758 3325 919 3387 ΜΖ.
993 3317 1162 3388 ὥστε
1206 3320 1318 3387 καὶ
1365 3318 1565 3388 λοιπὰ
1596 3317 1654 3387 ’ἃ
1690 3327 1817 3387 ΒΘ
1852 3324 2089 3399 λοιπᾶς
2123 3321 2240 3398 τᾶς
2275 3325 2453 3405 ΚΜ,

571 3503 619 3553 1.
661 3503 931 3568 ειμιολιον
957 3496 1022 3568 F,
1046 3493 1306 3568 ἡμιόλιον
1325 3496 1393 3552 V.
1496 3503 1545 3551 3.
1584 3497 1655 3570 τᾷ
1685 3493 1873 3570 βάσει]
1902 3496 2123 3568 scripsi3
2150 3515 2257 3552 ταν
2286 3498 2453 3570 βασιν
