2659 3967
434 195 569 259 296
890 195 1507 248 ΤΕΤΡΑΓῼΝῙΣΜΟΣ
1543 195 2015 248 ΠΑΡΑΒΟΛΗΣ.

430 335 564 405 ὑπὸ
623 340 759 404 τῶν
804 341 1131 406 πλείστων
1180 336 1305 404 οὐκ
1353 335 1795 425 εὑρισκόμενα
1840 343 2050 406 ταῦτα
2095 340 2470 424 κατεγνώσ-

432 452 577 510 θεν.
669 443 746 511 τὸ
811 443 886 511 δὲ
944 441 1061 511 ὑπ’
1125 441 1397 522 εὐθείας
1453 469 1524 510 τε
1578 443 1689 511 καὶ
1747 443 2179 532 ὀρθογωνίου
2237 446 2472 515 κώνου

431 552 641 634 τομᾶς
674 553 897 636 τμᾶμα
936 549 1410 638 περιεχόμενον
1445 547 1693 618 οὐδένα
1720 554 1856 620 τῶν
1885 555 2229 642 προτέρων
2257 555 2468 640 ἐγχει-
2571 573 2582 584 ’

436 655 736 744 ρήσαντα
770 661 1272 743 τετραγωνίζειν
1302 655 1733 743 ἐπιστάμεθα,
1773 653 1810 726 ὃ
1840 656 1925 745 δὴ
1955 663 2087 726 νῦν
2113 655 2236 746 ὑφ’
2269 657 2470 746 ἡμῶν

362 777 396 826 5
436 758 726 848 εὖρήται.
802 760 1142 828 δεικνύται
1188 761 1342 849 γάρ,
1390 759 1494 829 ὅτι
1539 767 1674 830 πᾶν
1718 768 1942 850 τμᾶμα
1987 765 2470 853 περιεχόμενον

432 864 566 934 ὑπὸ
624 865 897 946 εὐθείας
950 867 1059 934 καὶ
1118 864 1562 955 ὀρθογωνίου
1601 871 1828 938 κώνου
1871 873 2080 957 τομᾶς
2125 872 2470 960 ἐπίτριτόν

434 975 570 1041 ἐστι
626 977 749 1040 τοῦ
803 973 1141 1059 τριγώνου
1189 976 1312 1041 τοῦ
1359 973 1559 1059 βάσιν
1607 979 1875 1061 ἔχοντος
1916 974 2041 1044 τὰν
2089 975 2305 1046 αὐτὰν
2351 979 2473 1045 καὶ

432 1077 607 1159 ὕψος
654 1087 805 1147 ἴσον
850 1083 943 1171 τῷ
990 1078 1276 1166 τμάματι
1307 1081 1839 1168 λαμβανομένου
1883 1087 2084 1152 τοῦδε
2130 1089 2252 1152 τοῦ
2299 1083 2470 1170 λήμ-

425 1211 641 1275 ματος
698 1188 763 1265 ές
815 1183 942 1252 τὰν
996 1183 1339 1266 ἀπόδειξιν
1396 1184 1634 1255 αὐτοῦ·
1707 1193 1845 1255 τῶν
1891 1187 2150 1258 ἀνίσων
2197 1196 2472 1279 χωρίων
2511 1201 2522 1208 ’

330 1309 396 1358 10
434 1291 561 1359 τὰν
614 1289 983 1380 ὑπεροχᾶν,
1042 1283 1086 1380 ᾇ
1139 1290 1442 1379 ὑπερέχει
1494 1292 1570 1360 τὸ
1629 1299 1854 1379 μεῖζον
1907 1299 2028 1362 τοῦ
2077 1295 2472 1384 ἐλάσσονος,

435 1395 733 1466 δυνατὸν
771 1395 955 1484 εἶμεν
993 1395 1207 1465 αὐτὰν
1237 1398 1442 1486 ἑαυτᾷ
1471 1401 1962 1486 συντιθεμέναν
1992 1400 2242 1482 παντὸς
2269 1399 2472 1490 ὕπερ-

434 1505 609 1590 έχειν
654 1507 777 1571 τοῦ
824 1505 1269 1592 προτεθέντος
1312 1507 1816 1592 πεπερασμένου
1853 1512 2122 1594 χωρίου.
2191 1508 2472 1597 κεχρήν·

431 1635 539 1676 ται
598 1609 673 1678 δὲ
727 1611 839 1678 καὶ
896 1613 969 1679 οι
1018 1612 1346 1698 πρότερον
1390 1613 1755 1698 γεωμέτραι
1799 1617 1970 1704 τῷδε
2015 1619 2108 1682 τῶ
2157 1613 2472 1701 λήμματι.

432 1716 593 1796 τούς
655 1742 725 1784 τε
787 1716 918 1805 γὰρ
981 1717 1270 1798 κύκλους
1332 1721 1734 1786 διπλασίονα
1797 1718 2005 1805 λόγον
2071 1725 2246 1806 ἔχειν
2311 1719 2464 1788 ποτ’

334 1841 399 1890 15
438 1821 772 1903 ἀλλάλους
825 1829 951 1892 τᾶν
1006 1825 1382 1912 διαμέτρων
1437 1822 1949 1911 ἀποδεδείχασιν
2005 1823 2186 1894 αὐτῶ
2246 1827 2470 1895 τούτω

431 1954 523 1997 τω
561 1929 849 2016 λήμματι
887 1931 1239 2017 χρωμένοι,
1277 1930 1390 1997 καὶ
1426 1928 1544 2010 τὰς
1576 1937 1865 2020 σφαίρας
1893 1930 1996 1999 ὅτι
2022 1939 2470 2022 τριπλασίονα

432 2038 642 2122 λόγον
690 2041 914 2122 ἔχοντι·
954 2034 1102 2103 ποτ’
1152 2033 1444 2116 ἆλλάλας
1489 2038 1614 2103 τᾶν
1662 2039 2056 2127 διαμέτρων,
2105 2045 2200 2106 ἔτι
2239 2039 2317 2107 δὲ
2352 2041 2470 2106 καὶ

433 2139 537 2209 ὅτι
597 2143 777 2208 πᾶσα
836 2142 1126 2231 πυραμὶς
1182 2146 1411 2230 τρίτον
1471 2144 1695 2229 μέρος.
1726 2144 1863 2210 ἐστὶ
1916 2148 2039 2212 τοῦ
2095 2149 2470 2232 πρίσματος

431 2251 553 2315 τοῦ
609 2245 736 2314 τὰν
794 2244 1005 2315 αὐτὰν
1061 2247 1263 2333 βάσιν
1320 2253 1588 2335 ἔχοντος
1633 2251 1714 2337 τᾷ
1760 2254 2086 2337 πυραμίδι
2131 2252 2243 2318 καὶ
2289 2249 2471 2332 ὕψος

325 2372 395 2422 20
435 2361 614 2420 ἴσον·
687 2352 799 2420 καὶ
847 2352 1020 2421 διότι
1066 2357 1195 2432 πᾶς
1240 2355 1457 2433 κῶνος
1500 2359 1726 2443 τρίτον
1773 2356 1974 2443 μέρος
2016 2355 2152 2424 ἐστὶ
2189 2361 2313 2424 τοῦ
2351 2383 2466 2425 xv-

431 2463 717 2548 λίνδρου
768 2463 891 2526 τοῦ
946 2457 1071 2527 τὰν
1129 2457 1343 2528 αὐτὰν
1399 2460 1600 2546 βάσιν
1657 2465 1926 2549 ἔχοντος
1969 2466 2062 2554 τῷ
2109 2461 2306 2554 κώνῳ
2351 2465 2468 2532 καὶ

430 2563 606 2647 ὕψος
662 2575 843 2652 ἴσον,
903 2563 1139 2652 ὁμοῖον
1188 2571 1281 2659 τῷ
1328 2569 1786 2658 προειρημένῳ
1835 2573 2058 2655 λῆμμα
2102 2595 2166 2635 τι
2213 2576 2468 2657 λαμβα-

431 2671 665 2753 νόντες
702 2671 1020 2762 ἐγράφον.
1084 2677 1437 2758 συμβαίνει
1475 2673 1550 2740 δὲ
1584 2677 1720 2742 τῶν
1757 2675 2260 2763 προειρημένων
2291 2685 2470 2744 θεω-

433 2778 748 2868 ρημάτων
806 2780 1085 2847 ἕκαστον
1128 2777 1352 2865 ῗμηδὲν
1397 2769 1610 2865 ἧσσον
1655 2783 1791 2848 τῶν
1837 2778 2004 2848 ἄνευ
2048 2782 2297 2849 τούτου
2339 2787 2470 2850 τοῦ

327 2902 394 2952 25
433 2887 775 2972 λήμματος
830 2883 1413 2971 ἀποδεδειγμένων
1467 2887 1984 2953 πεπιστευκέναι.
2077 2883 2228 2972 ἄρτι
2277 2887 2354 2954 δὲ
2403 2890 2472 2968 ἐς

430 2988 554 3058 τὰν
601 2987 844 3075 ὁμοίαν
890 2996 1114 3058 πίστιν
1160 2989 1424 3070 τούτοις
1469 2987 1869 3076 άναγμένων
1913 2994 2051 3059 τῶν
2097 2987 2218 3080 ὑφ’
2269 2989 2474 3080 ἡμῶν

576 3189 625 3238 2.
666 3180 731 3237 δὲ
768 3175 873 3237 ὑπ’
917 3179 1179 3256 εὐθείας]
1220 3200 1326 3238 om.
1357 3143 1426 3251 Ἐς
1467 3200 1607 3239 corr.
1645 3184 1940 3242 TorelliUS.
2087 3193 2136 3243 3.
2176 3207 2364 3258 τμημα
2393 3139 2470 3256 Ἐς

433 3271 569 3311 corr.
611 3253 913 3322 TorelliuS,
952 3257 1014 3309 ut
1049 3254 1148 3309 lin.
1188 3261 1238 3320 5,
1278 3261 1325 3310 8.
1501 3255 1816 3326 προτέρων]
1857 3257 2079 3327 scripsi;
2124 3259 2450 3345 πρωτωνἘ
2453 3303 2468 3329 ,

430 3326 619 3395 uulgo.
784 3331 866 3380 11.
900 3297 1111 3400 ἕαυτᾷ]
1150 3296 1369 3392 ad'didi;
1419 3343 1526 3381 om.
1565 3325 1625 3392 F,
1665 3327 1856 3397 uulgo,
2005 3334 2087 3384 14.
2126 3324 2472 3454 ποτ’ὖοπρος

429 3414 531 3466 per
568 3412 747 3466 comp.
786 3395 854 3464 F;
893 3412 1031 3452 corr.
1075 3397 1126 3450 V
1163 3398 1352 3466 (ποτί).
1537 3403 1618 3453 15
1659 3401 1928 3482 αλληλους
1962 3398 2032 3465 Ἐς
2073 3415 2210 3455 corr

430 3487 542 3521 των
587 3483 689 3536 per
735 3483 912 3536 comp.
951 3467 1019 3533 Ἐς
1069 3484 1203 3521 corr.
1254 3467 1546 3522 TorelliuS.
1730 3464 1936 3540 τούτῳ]
1987 3441 2204 3538 a'ddidi3
2253 3487 2361 3527 om.
2401 3472 2469 3542 F,

430 3538 621 3606 uulgo,
770 3543 853 3591 17.
892 3556 1030 3606 προς
1065 3554 1167 3606 per
1202 3554 1383 3607 comp
1423 3537 1491 3605 Ἐς
1531 3555 1670 3596 corr.
1711 3524 1988 3594 Torel'lius
2030 3541 2220 3610 (ποτί).
2367 3548 2470 3598 αλ-
