2659 3967
407 176 536 241 316
859 176 1474 229 ΤΕΤΡΑῙὮΝῙΣΜΟΣ
1510 174 1980 227 ΠΑΡΑΒΟΔΗΣ.

404 320 754 403 τραπέζιον
807 318 959 388 ποτὶ
1010 317 1088 387 τὸ
1138 324 1218 385 A.
1308 315 1385 385 τὸ
1444 315 1520 383 δὲ
1568 324 1634 383 A
1645 322 1711 383 K
1727 322 1849 383 ΤΡ
1895 316 2245 403 τραπέζιον
2289 342 2448 403 κρε-

406 425 652 512 μάσθω
707 426 779 494 ἐκ
831 428 955 493 τοῦ
1010 428 1214 511 ζυγοῦ
1269 421 1437 490 κατὰ
1492 419 1575 489 τὰ
1620 428 1709 507 Β,
1756 424 1833 489 Η
1883 421 1995 491 καὶ
2040 421 2117 491 τὸ
2168 430 2222 489 Ζ
2267 421 2447 489 κατὰ

404 528 482 598 τὸ
537 539 633 617 Α,
697 532 808 599 καὶ
874 533 1310 618 ίσορροπείτω
1373 526 1453 597 τὸ
1508 534 1564 595 Ζ
1626 530 1719 621 τῷ
1779 536 1845 595 A
1854 534 1924 595 K
1931 534 2063 595 PT
2114 536 2447 622 τραπεζίῳ

408 635 623 717 οὕτως
677 642 928 724 ἔχοντι,
989 634 1080 716 ὥς
1133 640 1266 704 νῦν
1319 640 1548 703 κείται.
1641 631 1890 721 ὁμοίως
1944 634 2029 722 δὴ
2085 650 2227 715 τοῖς
2278 636 2449 724 πρό·

339 765 370 814 5
407 770 606 832 τερον
653 746 1081 831 δειχθησέται
1127 747 1414 810 ἔλασσον
1458 741 1535 809 τὸ
1584 748 1640 809 Ζ
1684 747 1937 830 χωρίον
1980 746 2103 810 τοῦ
2149 750 2228 810 Λ.

1364 916 1479 1004 ιβ’.

523 1043 740 1113 ’Έστω
795 1043 1002 1111 πάλιν
1055 1041 1132 1112 τὸ
1188 1042 1312 1129 μὲν
1359 1051 1423 1110 Α
1435 1047 1500 1109 Γ
1536 1040 1798 1129 ζύγιον,
1852 1044 2061 1130 μέσον
2107 1044 2184 1113 δὲ
2229 1042 2448 1113 αὐτοῦ

405 1149 482 1219 τὸ
530 1156 612 1237 Β,
657 1149 734 1220 τὸ
775 1148 852 1219 δὲ
881 1159 948 1217 Δ
958 1156 1096 1219 ΕΚ
1102 1155 1183 1216 Η
1206 1150 1557 1237 τραπέζιον
1595 1152 1763 1217 ἔστω
1800 1146 1917 1229 τὰς
1952 1149 2077 1236 μὲν
2113 1151 2264 1218 ποτὶ
2301 1165 2449 1231 τοῖς

407 1266 497 1343 Ε,
544 1263 624 1324 Η
660 1261 960 1344 σαμείοις
1004 1261 1255 1343 γωνίας
1301 1251 1517 1343 ὀρθὰς
1562 1260 1748 1343 ἔχον,
1802 1254 1921 1338 τὰς
1968 1256 2045 1325 δὲ
2088 1265 2159 1325 Κ
2166 1266 2255 1344 Δ,
2302 1265 2458 1326 ΕΗ

303 1384 371 1432 10
409 1362 715 1452 γραμμὰς
759 1364 912 1431 ποτὶ
957 1362 1036 1432 τὸ
1083 1368 1149 1430 Γ
1183 1360 1533 1441 νευούσας.
1594 1361 1707 1429 καὶ
1755 1358 1837 1430 ὃν
1883 1362 2007 1449 μὲν
2053 1363 2263 1449 λόγον
2309 1369 2447 1451 ἔχει

407 1467 450 1536 ἆ
497 1476 641 1537 AB
682 1470 836 1538 ποτὶ
888 1467 1014 1537 τᾶν
1059 1457 1228 1553 ΒΗ,
1283 1470 1527 1535 τοῦτον
1584 1468 1781 1553 ἐχέτω
1824 1466 1901 1535 τὸ
1952 1476 2021 1536 Δ
2032 1476 2100 1537 Κ
2106 1477 2251 1539 ΕΗ
2288 1498 2445 1559 τρα-

405 1576 631 1656 πέζιον
676 1576 828 1645 ποτὶ
873 1574 949 1643 τὸ
1001 1582 1108 1660 Μ,
1166 1570 1249 1641 ὃν
1295 1571 1373 1639 δὲ
1419 1571 1627 1658 λόγον
1673 1578 1806 1660 ἔχει
1850 1571 1894 1641 ἆ
1940 1583 2073 1643 ΑΒ
2117 1576 2270 1644 ποτὶ
2314 1575 2446 1645 τὰν

406 1686 566 1767 ΒΕ,
625 1685 872 1749 τοῦτον
926 1678 1048 1748 τὸν
1103 1676 1314 1765 λόγον
1370 1679 1565 1764 ἐχέτω
1620 1677 1696 1746 τὸ
1748 1687 1815 1745 Δ
1823 1686 1893 1747 Κ
1901 1687 2050 1747 ΕΗ
2092 1667 2453 1769 τραπέζιον·

1686 1786 1842 1854 ποτὶ
1858 1784 1935 1853 τὸ
1960 1793 2039 1853 Λ.
2075 1787 2443 1874 κρεμάσθω

1690 1894 1766 1962 δὲ
1810 1891 1890 1961 τὸ
1941 1900 2251 1961 AKEH
2284 1919 2444 1983 τρα-

1686 2002 1912 2082 πέζιον
1960 2002 2033 2068 ἐκ
2071 2004 2195 2068 τοῦ
2235 2004 2441 2085 ζυγοῦ

1686 2105 1853 2175 κατὰ
1916 2105 1996 2173 τὰ
2054 2114 2145 2190 Ε,
2198 2112 2301 2192 Η,
2364 2104 2445 2175 τὸ

1688 2213 1765 2282 δὲ
1839 2220 1895 2281 Ζ
1971 2218 2225 2300 χωρίον
2294 2238 2443 2301 κρε-

1688 2318 1933 2407 μάσθω
1992 2316 2158 2386 κατὰ
2220 2317 2295 2388 τὸ
2352 2330 2441 2405 Α,

1688 2426 1798 2493 καὶ
1858 2429 2297 2514 ἰσορροπείτω
2346 2430 2443 2519 τῷ

1689 2537 2011 2622 τραπεζίῳ
2034 2528 2247 2611 οὕτως
2263 2536 2442 2619 ἔχον-

1668 2665 1784 2734 -τι,
1846 2634 1939 2717 ὥς
1992 2640 2123 2705 νῦν
2178 2634 2441 2706 ὑποκεί-

406 2766 530 2809 ται.
602 2743 774 2830 φαμὶ
831 2741 916 2829 δὴ
971 2741 1049 2811 τὸ
1098 2749 1153 2809 Ζ
1205 2748 1330 2811 τοῦ
1378 2744 1503 2831 μὲν
1550 2751 1612 2812 Λ
1657 2749 1885 2830 μεῖζον
1931 2739 2118 2829 εἶμεν
2131 2795 2151 2829 ,
2197 2748 2320 2812 τοῦ
2365 2744 2443 2813 δὲ

408 2856 497 2917 Μ
532 2854 838 2918 ἔλασσον.

301 2974 368 3023 25
541 2960 784 3041 ἔλαβον
829 2954 960 3045 γὰρ
1007 2961 1133 3026 τοῦ
1170 2964 1315 3026 ΛΚ
1323 2963 1473 3025 ΕΗ
1498 2962 1851 3044 τραπεζίου
1886 2956 1963 3026 τὸ
2001 2958 2282 3045 κέντρον
2316 2961 2441 3027 τοῦ

406 3059 669 3148 βάρεος,
719 3064 885 3128 ἔστω
925 3061 1001 3130 δὲ
1034 3060 1110 3130 τὸ
1142 3070 1225 3131 Θ·
1294 3066 1719 3150 λαφθησέται
1756 3063 1832 3132 δὲ
1868 3060 2118 3150 ὁμοίως
2151 3066 2243 3157 τῷ
2280 3064 2440 3152 πρό-

406 3188 630 3254 τερον·
720 3168 832 3233 καὶ
889 3165 1031 3253 ἄγω
1089 3168 1216 3237 τάν
1262 3177 1376 3237 ΘΙ
1415 3169 1594 3259 παρὰ
1640 3168 1768 3238 τὰν
1814 3176 1968 3237 ΔΕ.
2058 3166 2147 3237 ἂν
2193 3162 2319 3239 οὖν
2362 3168 2437 3239 τὸ

406 3274 756 3359 τραπέζιον
804 3276 875 3341 ἐκ
920 3278 1042 3341 τοῦ
1092 3280 1296 3361 ζυγοῦ
1340 3280 1690 3365 κρεμασθῇ
1737 3274 1903 3344 κατὰ
1948 3273 2023 3343 τὸ
2069 3282 2115 3343 Ι
2122 3327 2141 3362 ,
2188 3274 2317 3344 ἀπὸ
2364 3277 2439 3346 δὲ

405 3384 541 3447 τῶν
597 3387 685 3465 Ε,
733 3386 814 3446 Η
855 3384 1069 3469 λυθῇ,
1131 3396 1320 3467 μενεῖ
1371 3381 1497 3449 τὰν
1554 3380 1768 3450 αὐτὰν
1826 3387 1981 3469 ἔχον
2034 3382 2436 3451 κατάστασιν

486 1854 565 1912 Α
1030 1852 1657 1912 BB'IHT

554 3531 601 3577 1.
639 3526 1012 3593 κεκρεμασθω
1050 3523 1114 3591 F,
1153 3524 1340 3593 uulgO.
1452 3530 1501 3580 3.
1540 3520 1604 3579 τὸ
1646 3525 1711 3595 Ζ]
1753 3543 1829 3578 τω
1862 3528 1905 3577 Ζ
1937 3524 2009 3592 F;
2050 3540 2188 3579 corr.
2218 3523 2281 3578 B.
2380 3531 2432 3581 9.

2620 1286 2629 1790 1
