2659 3967
720 187 819 243 DE
857 189 1268 246 PLANORUM
1304 192 1802 257 AEQUILlBRHs
1828 199 1946 252 etc.
2221 185 2351 263 1219

312 331 465 397 dine
521 335 923 419 compositae
972 339 1271 402 centrum
1317 339 1665 422 grauitatis
1707 345 2024 424 punctum
2066 343 2353 409 vmedium

306 439 450 504 erit'
492 439 707 505 lineae
762 444 988 507 centra
1034 444 1381 528 grauitatis
1428 447 1953 532 magnitudinum
1999 449 2354 534 iungentis.

453 547 542 613 sit
587 553 667 613 A
688 543 989 614 centrum
1022 550 1382 633 grauitatis·
1411 551 1896 638 magnitudinis·
1922 559 2002 639 A,
2038 559 2097 619 Β
2135 559 2354 621 autem

313 653 793 740 magnitudinis
838 658 927 741 B,
981 660 1046 721 et
1108 657 1382 722 ducatur
1435 657 1611 724 linea
1657 664 1792 725 AB
1847 664 1914 726 et
1976 663 2046 726 in·
2109 665 2352 746 puncto

314 763 383 824 Γ
420 759 491 824 in
528 761 691 826 duas
737 765 959 846 partes
1006 763 1310 848 aequales
1356 768 1628 830 secetur.
1719 767 1891 853 dico,
1938 771 2004 833 Γ
2037 765 2362 853 punctum’·

318 870 615 932 centrum
692 867 1095 953 [grauitatis]
1172 869 1315 936 esse
1389 871 1858 956 magnitudinis
1928 895 2006 940 ex
2079 877 2354 960 utraque
2406 920 2408 922 ψ

317 974 772 1059 magnitudine
818 977 1239 1061 compositae.

448 1103 605 1147 nam
643 1081 700 1146 si
744 1103 877 1148 non
923 1088 1039 1168 est,
1084 1083 1171 1148 sit
1214 1089 1532 1168 punctum
1569 1090 1638 1149 A
1673 1091 1965 1152 centrum
2004 1089 2352 1175 grauitatis

318 1187 792 1272 magnitudinis
820 1179 927 1254 'ex
980 1193 1258 1275 utraque
1312 1190 1762 1278 magnitudine
1817 1195 2240 1280 compositae,
2297 1195 2356 1260 si

305 1294 456 1360 fieri
509 1298 747 1379 potest.
852 1318 1006 1361 nam
1064 1299 1389 1378 [centrum
1436 1299 1811 1384 grauitatis]
1869 1301 1939 1365 in
1999 1302 2177 1367 linea
2220 1307 2354 1367 AB

314 1403 609 1486 positum
674 1423 841 1482 esse,
916 1407 1110 1469 antea
1172 1403 1690 1471 demonstratum
1755 1411 1872 1473 est.
1886 1405 1935 1493 ¹)
2044 1409 2353 1493 quoniam

312 1508 523 1594 igitur
566 1512 880 1593 punctum
920 1514 987 1575 A
1023 1512 1318 1574 centrum
1359 1511 1705 1594 grauitatis
1745 1517 1845 1579 est
1880 1514 2352 1600 magnitudinis

314 1637 399 1680 ex
442 1621 525 1699 A,
560 1619 643 1680 Β.
676 1615 1104 1700 compositae,
1161 1607 1713 1700 aequilibritatem
1771 1620 2060 1685 seruabit
2112 1624 2351 1704 puncto

311 1727 383 1786 Α
437 1725 748 1788 sustento.
806 1747 813 1755 ·
848 1721 1067 1807 itaque
1114 1722 1615 1808 magnitudines
1667 1730 1757 1810 A,
1808 1729 1866 1790 Β
1933 1715 2037 1790 ρκ’
2065 1727 2354 1812 longitu-

316 1828 579 1894 dinibus
617 1835 683 1893 A
694 1834 777 1913 A,
801 1823 882 1893 ‘A
893 1833 949 1893 Β
986 1847 1342 1913 suspensae
1380 1817 1936 1914 aequilibritatem
1966 1833 2350 1918 seruabunt3

312 1936 486 2021 qnod
522 1936 667 2000 fieri
702 1957 835 2000 non
864 1933 1107 2019 potest.
1170 1957 1325 1998 nam
1351 1936 1652 2021 pondera
1689 1938 1988 2023 aequalia
2025 1961 2104 2004 ex
2139 1938 2352 2024 longi·
2379 1943 2400 1982 ἱ

315 2041 657 2108 tudinibus
719 2039 1177 2126 inaequalibus
1240 2061 1557 2127 suspensa
1621 2040 2164 2128 aequilibritatem
2219 2037 2354 2110 non

322 2152 591 2215 seruant
646 2147 911 2232 [postul.
962 2149 1047 2228 1].
1123 2149 1397 2233 adparet
1451 2149 1680 2234 igitur,
1737 2152 2068 2234 punctum·
2096 2154 2178 2216 Γ·
2205 2173 2352 2217 cen-

310 2259 490 2320 trum
533 2255 880 2341 grauitatis
914 2276 1058 2319 esse
1084 2255 1568 2350 *magnitudinis
1608 2279 1685 2320 ex
1721 2262 1803 2342 A,
1839 2261 1898 2321 Β
1937 2259 2352 2342 compositae.

448 2555 521 2622 Si
561 2557 787 2630 trium.
808 2557 1335 2642 magnitudinum
1371 2563 1599 2627 centra
1633 2559 1979 2642 grauitatis
2010 2559 2100 2625 'in-
2123 2560 2367 2625 eadem:
2382 2563 2420 2647 [Ι

315 2664 491 2730 linea
516 2667 720 2738 recta·
759 2665 979 2754 pesita
1023 2669 1192 2746 sunt,
1240 2669 1305 2730 et
1347 2663 1831 2748 magnitudines
1867 2665 2160 2732 eiusdem
2191 2670 2350 2732 sunt

320 2769 653 2855 ponderis,
686 2774 785 2836 'et
838 2771 1063 2837 lineae·
1112 2769 1297 2836 inter·
1347 2773 1576 2834 centra
1634 2770 2037 2854 [grauitatis]
2092 2773 2348 2855 positae

315 2877 621 2962 aequales
664 2881 843 2960 sunt,
896 2875 1368 2962 magnitudinis
1416 2898 1495 2940 ex
1539 2877 1840 2948 omnibus
1888 2877 2346 2962 magnitudini-
2379 2926 2382 2929 -

313 2984 437 3050 bus
476 2983 877 3068 compositae
922 2985 1217 3075 centrum
1252 2981 1600 3066 grauitatis
1639 2983 1766 3051 erit
1800 2986 2130 3069 punctum,
2177 2984 2348 3069 quod

311 3091 485 3156 idem
532 3089 779 3157 mediae
825 3088 1295 3174 magnitudinis
1345 3091 1635 3154 centrum
1683 3091 2028 3175 grauitatis
2075 3097 2191 3158 esta

459 3249 510 3314 1)
550 3244 681 3301 Sine
718 3244 985 3302 dubio'in
1021 3245 1165 3300 libro
1202 3245 1335 3314 περὶ
1373 3247 1581 3316 ζυγῶν;
1623 3247 1846 3313 Quaest.
1886 3245 2054 3303 Arch.
2091 3265 2144 3317 p.
2185 3253 2270 3303 32.

314 3389 401 3445 ed.
434 3388 927 3457 Basil.‚·Torellius
956 3389 1089 3456 (non
1114 3386 1408 3457 ABCD*).
1532 3397 1610 3444 11.
1651 3409 1750 3458 της
1775 3389 1844 3456 F;
1875 3405 2015 3443 corr.
2045 3386 2342 3443 Torellius.

484 3463 585 3518 12..
606 3459 893 3514 δέδεικται
928 3458 1214 3514 Eutocius.
1397 3467 1482 3514 16.
1520 3461 1648 3531 τοῦ]
1687 3479 1751 3516 το
1789 3477 1960 3529 supra
1997 3459 2206 3530 scripto
2239 3479 2344 3514 του

312 3547 488 3586 manu
529 3535 556 3583 1
594 3530 656 3584 F.
697 3535 783 3586 18.
819 3547 1217 3600 ισορροπεωντι
1255 3530 1325 3600 Ες
1366 3547 1505 3589 corr.
1545 3531 1840 3588 Torellius.
1895 3557 1904 3562 ·
1986 3537 2070 3586 21.
2109 3528 2159 3601 γ’
2197 3532 2292 3586 F
