2659 3967
1007 214 1439 273 PRAEFATIO.
2188 218 2241 276 V

215 359 439 425 eadem
485 360 738 445 incidit,
795 384 962 447 quae
1005 382 1127 447 ego
1171 363 1244 427 in
1289 364 1817 429 adnotationibus
1862 365 2067 449 posui.
2162 366 2241 431 de

214 457 452 522 lacuna
495 480 557 541 p.
606 460 754 543 369,
801 461 843 525 5
897 458 1060 526 haec
1105 461 1332 526 habet:
1378 465 1698 545 peut-etre
1744 486 1787 547 y
1836 464 2115 529 avait-il:
2161 486 2242 527 en

215 557 394 641 effet,
453 558 509 622 si
566 580 609 623 a
663 558 895 623 n'etait
947 580 1066 642 pas
1123 560 1550 625 entierement
1603 560 1985 626 au-dessous
2040 562 2117 626 de
2173 560 2241 625 la

215 654 488 741 surface,
533 656 596 721 le
639 658 898 722 volume
946 656 1031 720 du
1076 656 1316 741 liquide
1366 659 1512 743 §gal
1559 663 1597 723 a
1642 659 1709 723 la
1754 659 2013 742 portion
2058 660 2239 743 plon-

215 752 332 837 gee
379 754 591 818 aurait
635 776 722 818 un
765 752 954 837 poids
997 753 1288 819 moindre
1326 776 1448 839 que
1486 758 1591 821 ad.
1667 756 1838 821 idem
1872 757 1977 820 uir
2014 757 2241 822 doctus

213 848 466 935 (Revue
513 851 786 935 critique
831 850 1002 916 1880
1037 873 1133 915 nr.
1172 850 1244 937 2)
1291 854 1738 936 quaestionem
1776 855 2118 919 obscuram
2166 875 2241 919 ac

216 946 577 1033 difficilem,
623 951 844 1013 utrum
890 949 1192 1013 Tartalea
1237 950 1379 1033 ipse
1424 952 1709 1017 codicem
1758 951 2078 1016 Graecum
2126 952 2241 1015 ha-

213 1044 431 1110 buerit
467 1068 685 1129 necne,
730 1046 828 1111 ita
866 1047 1117 1111 soluere
1156 1052 1443 1131 conatur,
1489 1050 1562 1112 ut
1596 1051 1803 1131 putet,
1848 1048 2053 1114 libros
2090 1048 2241 1113 illos

214 1142 561 1208 Tartaleae
608 1166 806 1208 causa
852 1145 934 1209 ab
980 1144 1242 1209 homine
1281 1144 1567 1211 Graecae
1617 1146 1879 1231 linguae
1926 1147 2087 1212 satis
2132 1169 2241 1230 pe-

214 1240 374 1325 rito,
439 1241 550 1305 sed
605 1241 720 1325 qui
772 1242 1303 1307 mathematicam
1360 1264 1491 1307 non
1540 1243 1836 1328 calleret,
1898 1266 1933 1308 e
1990 1242 2239 1310 Graeco

215 1360 564 1405 conuersos
603 1360 760 1405 esse.
823 1345 1159 1425 praeterea
1198 1362 1581 1406 consensum
1618 1340 1898 1406 Thuroti
1935 1340 2241 1426 (Recher-

215 1436 367 1501 ches
425 1440 543 1501 etc.
588 1459 650 1520 p.
703 1439 787 1502 12
831 1442 963 1502 not.
1012 1436 1084 1523 2)
1139 1438 1216 1502 de
1273 1440 1665 1505 auctoritate
1720 1438 2027 1504 editionis
2084 1439 2241 1504 Tar-

214 1533 425 1598 taleae
488 1534 700 1599 laetus
755 1556 1216 1620 commemoro,
1281 1535 1359 1599 de
1414 1556 1541 1619 qua
1594 1536 1690 1601 ita
1742 1536 2010 1602 iudicat:
2076 1558 2240 1603 nous

213 1634 626 1697 montrerons
672 1632 820 1716 plus
862 1632 980 1697 bas
1019 1633 1144 1717 q'ue
1183 1635 1351 1697 cette
1386 1632 1790 1716 publication
1828 1637 1929 1699 est
1961 1637 2029 1699 la
2066 1638 2242 1700 seule

213 1728 370 1792 base
427 1729 853 1814 authentique
901 1730 1013 1815 qui
1057 1729 1277 1814 puisse
1315 1728 1618 1813 jusqu’ici
1665 1731 1871 1795 servir
1918 1737 1956 1797 a
2002 1733 2242 1797 &tablir

212 1824 274 1889 le
310 1828 486 1890 texte
525 1827 602 1891 de
641 1849 711 1892 ce
747 1830 944 1894 traite
981 1826 1443 1893 d'Archimede.
1485 1861 1569 1873 —-
1608 1848 1753 1892 sero
1793 1828 2241 1914 animaduerti,

212 1945 336 2007 pro
393 1923 614 1989 littera
658 1922 710 1991 Ξ
757 1926 1194 2011 usurpandam
1240 1924 1443 1989 fuisse
1488 1924 1777 1993 litteram
1830 1932 1917 2007 Ψ,
1964 1932 2041 1993 ut
2084 1927 2243 1992 fecit

215 2016 751 2109 Commandinus3
790 2046 946 2089 nam
984 2024 1153 2107 apud
1183 2022 1555 2089 Tartaleam
1590 2023 1755 2089 haec
1789 2026 2031 2111 littera,
2078 2046 2241 2110 quae

214 2117 470 2200 saepius
523 2119 803 2186 formam
857 2122 1114 2187 litterae
1167 2142 1214 2186 x
1258 2143 1414 2205 prae
1460 2143 1527 2207 se
1570 2120 1717 2207 fert,
1762 2124 2092 2189 interdum
2138 2127 2239 2187 ta-

213 2236 366 2280 men
419 2216 678 2282 litterae
733 2222 809 2283 Ψ
859 2218 1201 2283 simillima·
1249 2221 1376 2302 est,
1430 2219 1526 2284 ita
1569 2224 1645 2285 ut
1690 2221 1829 2286 ueri
1874 2221 2088 2286 simile
2134 2219 2240 2305 sit,

212 2311 589 2384 Tartaleam
636 2338 892 2400 semper
936 2315 1104 2380 hanc
1149 2316 1437 2381 litteram
1483 2317 1665 2383 reddi
1708 2320 2007 2385 uoluisse.

347 2410 445 2477 De
500 2412 892 2478 lemmatis
937 2412 1062 2480 hoc
1109 2413 1471 2479 addendum
1517 2416 1801 2500 uidetur,
1852 2415 2231 2481 Mauritium

213 2508 460 2576 Cantor
505 2509 991 2601 (Vorlesungen
1034 2512 1194 2577 iiber
1238 2513 1295 2578 d.
1336 2512 1563 2579 Gesch.
1611 2511 1725 2577 der
1758 2512 1961 2580 Math.
1998 2536 2059 2598 p.
2100 2513 2231 2579 255

213 2606 418 2693 ——57)
461 2632 672 2696 nuper
712 2612 1008 2696 pluribus
1046 2610 1124 2674 de
1161 2609 1546 2694 quibusdam
1586 2632 1807 2674 eorum
1845 2612 2239 2695 propositio-

210 2705 404 2771 nibus
471 2708 699 2793 egisse.
790 2730 956 2793 quae
1011 2706 1310 2774 Ourtzius
1380 2710 1445 2771 et
1498 2705 2097 2773 Steinschneiderus
2160 2709 2237 2773 de

210 2804 406 2869 huius
452 2805 604 2869 libri
651 2799 821 2890 apud
867 2798 1138 2891 Arabes
1163 2804 1318 2869 fatis
1358 2802 1877 2889 disputauerunt,
1922 2804 2106 2870 breui
2142 2826 2237 2868 re-

210 2922 475 2966 censere
520 2903 589 2966 in
635 2902 850 2967 animo
896 2902 1060 2967 mihi
1106 2905 1221 2967 est.

343 2996 442 3063 De
481 2999 698 3065 codice
725 2999 1024 3064 Parisino
1061 3000 1570 3085 problematis
1610 2999 1884 3065 bouini
1924 3022 1957 3065 e
1995 3000 2236 3065 litteris

207 3094 476 3166 Henrici
526 3096 826 3182 Lebegue
881 3097 1042 3162 haec
1096 3096 1390 3183 cognoui.
1482 3096 1679 3178 codex
1725 3096 2013 3162 Graecus
2059 3098 2234 3163 2448

211 3193 382 3257 inter
443 3194 571 3258 alia
629 3194 756 3260 hoc
816 3194 1216 3279 epigramma
1273 3197 1341 3258 et
1397 3194 1462 3258 id
1525 3194 1782 3278 quidem
1839 3194 2034 3258 tertio
2089 3193 2234 3261 loco

211 3290 516 3356 continet.
597 3292 685 3355 -de
743 3314 822 3358 eo
875 3292 944 3356 in
991 3288 1310 3376 Catalogo
1368 3288 1545 3358 codd.
1606 3312 1757 3358 mss,
1804 3290 2233 3355 bibliothecae

212 3386 434 3473 regiae
477 3386 544 3451 Π
586 3412 646 3474 p.
696 3388 827 3453 504
872 3388 1033 3453 haec
1076 3386 1405 3471 leguntur:

945 3484 1497 3551 MMODXLVIII.

301 3618 423 3667 ‚‚—
472 3580 559 3647 3⁰.
648 3582 1056 3649 Archimedis
1122 3583 1539 3670 supposititia
1594 3582 1676 3648 ad
1731 3582 2236 3653 Eratosthenem
