2659 3967
398 139 533 250 ,162
588 186 974 239 ΕΠΙΠΕΔΩΝ
1010 186 1240 238 ΙΣΟΡΡ.
1278 185 1335 235 Η
1370 184 1654 236 KENTPA
1691 182 1934 234 BAPQN
1969 184 2176 238 ΕΠῙΠ.
2214 178 2296 238 Α’.

390 328 497 398 ἐπὶ
554 332 671 408 τοῖς
715 333 841 395 ΕΘ
885 331 1251 413 τμαθείσας
1298 322 1468 412 ὥστε
1512 322 1592 392 τὰ
1638 323 1943 410 τμάματα
1989 320 2194 404 αὐτᾶς
2239 321 2434 392 ἄντι-

389 435 813 521 πεπονθέμεν
876 432 1040 501 κατὰ
1107 431 1229 500 τὸν
1295 429 1506 498 αὐτὸν
1570 429 1778 516 λόγον
1843 443 1983 509 τοῖς
2046 432 2436 517 μεγέθεσιν.

390 540 559 610 ὥστε
616 538 740 609 οὐκ
796 541 1083 607 ἐσσείται
1136 535 1212 605 τὸ
1259 543 1324 604 Γ
1371 549 1651 624 σαμεῖον
1697 535 1861 604 κατὰ
1909 534 2032 604 τὰν
2077 534 2436 626 ἀνάλογον

728 687 773 734 Α
2025 683 2086 732 Η

1288 956 1467 1046 '“'1¹⁷
1678 954 1878 1045 Γὼ

1240 1204 1292 1251 Δ
2026 1200 2070 1249 Β

386 1318 601 1408 τομάν
658 1324 739 1409 τᾷ
787 1323 1120 1413 εἰρημένα.
1214 1319 1340 1390 οὐκ
1385 1320 1519 1408 ἄρα
1566 1320 1703 1390 ἐστὶ
1749 1319 1823 1388 τὸ
1871 1327 1936 1388 Γ
1972 1320 2252 1408 κέντρου
2298 1323 2432 1388 τοῦ

316 1447 351 1496 5
392 1431 462 1496 ἐκ
509 1431 645 1496 τῶν
684 1436 749 1495 A
759 1437 849 1513 A,
898 1434 1051 1495 ΔΗ
1088 1429 1529 1516 ’συγκειμένου
1574 1429 1916 1516 μεγέθεος,
1963 1428 2260 1504 τουτέστι
2298 1429 2430 1493 τοῦ

390 1541 540 1601 ΑΒ.
616 1539 753 1601 ἔστι
801 1534 901 1601 δέ·
974 1532 1276 1603 ὑπέκειτο
1324 1533 1474 1624 γάρ.
1549 1532 1675 1603 οὐκ
1713 1533 1845 1622 ἄρα
1893 1533 2030 1602 ἐστὶ
2065 1532 2140 1601 τὸ
2181 1539 2239 1599 Θ
2273 1533 2428 1599 κε’ν-

390 1666 554 1730 τρον
601 1640 844 1729 βάρεος
887 1645 1011 1710 τοῦ
1060 1649 1215 1710 ΔΗ
1251 1643 1589 1728 μεγέθεος.

1358 1835 1456 1905 θ’.

523 1959 791 2037 Παντὸς
835 1961 1534 2052 παραλληλογράμμου
1579 1959 1654 2029 τὸ
1700 1962 1980 2049 κέντρου
2018 1962 2142 2028 τοῦ
2177 1957 2430 2046 βάρεός

283 2085 352 2135 10
391 2067 571 2133 ἐστιν
630 2066 735 2134 ἐπὶ
790 2071 907 2146 τᾶς
963 2065 1237 2146 εὐθείας
1289 2073 1408 2147 τᾶς
1463 2065 2020 2155 ἐπιζευγνυούσας
2075 2064 2194 2146 τὰς
2240 2069 2424 2152 διχο-

387 2177 620 2258 τομίας
700 2177 825 2239 τᾶν
906 2172 1049 2242 κατ’
1140 2177 1451 2244 ἐναντίον
1523 2179 1645 2242 τοῦ
1718 2171 2430 2263 παραλληλογράμμου

391 2283 709 2365 πλευρᾶν.

523 2389 687 2452 ἔστω
744 2384 1445 2475 παραλληλόγραμμον
1501 2385 1576 2454 τὸ
1634 2392 1941 2472 ΑΒΓΔ,
1999 2386 2106 2454 ἐπὶ
2162 2384 2238 2454 δὲ
2291 2381 2426 2451 τὰν

388 2493 777 2577 διχοτομίαν
832 2495 957 2559 τᾶν
1013 2499 1177 2577 ΑΒ,
1232 2498 1369 2561 ΓΔ
1414 2489 1456 2560 ἆ
1507 2499 1650 2561 ΕΖ.
1742 2493 1914 2579 φαμὶ
1971 2491 2090 2579 δή,
2147 2490 2250 2559 ὅτι
2294 2495 2422 2558 τοῦ

281 2615 349 2664 15
387 2603 656 2665 ΑΒΓΔ
728 2597 1429 2687 παραλληλογράμμου
1501 2597 1576 2666 τὸ
1643 2601 1924 2686 κέντρον
1989 2602 2110 2666 τοῦ
2175 2597 2427 2687 βάρεος

389 2697 677 2772 ἐσσείται
724 2705 831 2772 ἐπὶ
876 2708 995 2786 τᾶς
1042 2713 1185 2773 ΕΖ.

520 2810 609 2899 μὴ
667 2811 829 2901 γάρ,
886 2809 1035 2880 ἀλλ’
1098 2817 1159 2880 εἰ
1204 2811 1532 2897 δυνατόν,
1587 2817 1752 2880 ἔστω
1799 2810 1886 2880 τὸ
1924 2820 2011 2898 Θ,
2064 2811 2176 2880 καὶ
2223 2811 2422 2898 ἄχθω

383 2917 564 3006 παρὰ
610 2917 736 2984 τὰν
782 2926 913 2986 AB
960 2915 1002 2985 ἆ
1051 2925 1173 2986 ΘΙ.
1260 2922 1377 2998 τᾶς
1425 2918 1499 2986 δὲ
1546 2920 1630 3004 δὴ
1681 2926 1804 2986 ΕΒ
1853 2920 2426 3005 διχοτομουμένας

385 3023 518 3090 αἰεὶ
566 3025 851 3091 ἐσσείται
896 3023 1068 3092 ποκά
1118 3022 1159 3091 ἁ
1207 3027 1734 3111 καταλειπομέυα
1782 3024 2082 3094 ἐλάσσων
2127 3031 2247 3106 τᾶς
2289 3033 2336 3093 Ι
2341 3032 2422 3094 Θ.

275 3146 348 3196 20
384 3130 497 3197 καὶ
554 3129 906 3218 διῃρήσθω
964 3131 1237 3220 ἑκατέρα
1291 3134 1417 3198 τᾶν
1464 3139 1627 3216 ΑΕ,
1675 3137 1800 3203 ΕΒ
1848 3136 1942 3211 εἰς
1985 3129 2104 3212 τὰς
2148 3135 2230 3220 τᾷ
2277 3139 2424 3199 ΕΚ

533 3334 577 3381 1.
619 3330 1117 3396 αντιπεποθενμεν
1153 3326 1214 3380 F.
1432 3333 1482 3381 3.
1523 3321 1792 3396 ἐσσείται]
1843 3327 2064 3396 scripsi3
2113 3345 2268 3382 εσται
2313 3343 2422 3396 per

384 3413 568 3468 comp.
605 3397 667 3464 F,
706 3398 895 3468 uulgo,
1043 3403 1092 3454 4.
1132 3397 1368 3467 κέντρον
1405 3397 1506 3452 τοῦ
1549 3394 1752 3484 βάρεος
1789 3397 2082 3454 Torellius.
2231 3405 2278 3452 ’1.
2313 3401 2415 3471 βα-

385 3488 519 3533 ρους
557 3510 569 3523 .
612 3509 624 3522 .
662 3474 947 3539 μεγεθους
982 3469 1042 3537 F,
1080 3470 1271 3539 uulgo,
1420 3475 1468 3523 8.
1510 3471 1540 3534 ζ
1601 3470 1660 3524 F.
1811 3476 1892 3524 11.
1932 3489 2033 3532 τας
2070 3511 2082 3523 .
2115 3512 2126 3523 .
2165 3473 2419 3538 πλευρας

382 3538 457 3608 F3
496 3556 635 3595 corr.
673 3539 965 3597 TorelliuS.
1142 3545 1224 3595 14.
1264 3539 1392 3611 τᾶν]
1431 3560 1545 3594 των
1582 3557 1680 3609 per
1718 3555 1898 3610 comp.
1935 3537 2002 3607 F;
2043 3556 2181 3596 corr.
2222 3539 2416 3594 Torel-
