2659 3967
397 137 530 203 368
711 138 808 193 DE
847 138 957 207 ΠΒ,
999 136 1198 203 QUAE
1236 137 1317 193 IN
1354 137 1647 194 HUMIDO
1684 138 2115 195 UEHUNTUR.

765 318 1194 385 Theorema
1239 316 1355 385 VI.
1444 318 1896 403 Propositio
1936 319 2057 422 ¹VI.

533 442 758 511 solida
802 443 1052 509 leuiora
1096 443 1369 509 humido
1416 444 1486 507 ui
1529 464 1755 527 pressa
1798 442 1865 509 in
1914 444 2254 510 humidum
2305 468 2448 511 sur-

397 551 540 617 rexi
593 550 892 616 feruntur
945 553 1134 615 tanta
1178 550 1247 615 ui
1295 550 1379 615 ad
1426 550 1751 634 superine,
1804 553 2049 635 quanto
2096 550 2446 618 humidum

399 657 648 723 habens
695 658 933 723 molem
981 656 1318 740 aequalem
1358 678 1505 721 eum
1540 654 1991 741 magnitudine
2029 660 2133 721 est
2168 660 2446 743 grauius

325 776 361 827 ὅ
400 764 870 849 magnitudine.
1309 820 1316 825 .
1868 766 1879 773 ’

533 872 624 936 sit
680 872 853 937 enim
906 871 1294 957 magnitudo
1342 870 1409 935 A
1452 869 1662 935 leuior
1706 868 1991 960 humido.
2082 870 2173 935 sit
2216 874 2445 938 autem

397 977 867 1062 magnitudinis
915 977 1178 1062 quidem
1191 1028 1210 1063 ,
1254 977 1327 1043 in
1372 998 1502 1061 qua
1544 976 1640 1059 A,
1694 975 1989 1061 grauitas
2034 976 2131 1061 B,
2182 976 2443 1045 humidi

397 1086 617 1149 autem
661 1083 970 1150 habentis
1007 1084 1246 1149 molem
1287 1083 1627 1167 aequalem
1665 1103 1815 1147 eum
1838 1082 1907 1147 A
1940 1082 2238 1167 grauitas
2274 1084 2441 1151 BG.

399 1188 992 1273 demonstrandum,
1043 1189 1220 1274 quod
1257 1186 1646 1273 magnitudo
1674 1186 1759 1270 A,
1803 1186 1919 1251 ubi
1954 1208 2183 1271 pressa
2217 1188 2289 1253 in
2323 1190 2443 1256 hu-

292 1310 360 1359 10
399 1294 665 1380 midum,
711 1295 992 1360 refertur
1037 1295 1121 1361 ad
1168 1296 1466 1380 superius
1512 1297 1699 1359 tanta·
1744 1293 1831 1377 ui,
1876 1296 2121 1377 quanta
2157 1299 2258 1360 est
2293 1318 2443 1381 gra·

399 1402 570 1467 uitas
610 1401 692 1467 G.
765 1402 1122 1488 accipiatur
1172 1396 1347 1468 enim
1393 1400 1715 1486 quaedam
1750 1399 2152 1485 magnitudo,
2197 1401 2268 1465 in
2306 1424 2441 1487 qua

398 1507 494 1594 D,
551 1509 799 1575 habens
855 1496 1251 1595 grauitatem
1309 1508 1648 1592 aequalem
1703 1506 1833 1591 ipsi
1879 1506 1958 1573 G.
2048 1507 2438 1593 magnitudo

398 1621 616 1682 autem
663 1637 742 1681 ex
777 1616 1071 1700 utrisque
1113 1613 1695 1701 magnitudinibus,
1740 1613 1809 1677 in
1848 1613 2083 1699 quibus
2111 1614 2195 1699 A,
2232 1613 2320 1699 D,
2366 1616 2441 1680 in

399 1723 624 1789 eadem
671 1724 1032 1809 composita
1079 1728 1180 1789 est
1222 1722 1434 1788 leuior
1476 1720 1765 1786 humido.
1835 1724 1937 1785 est
1973 1721 2148 1785 enim
2182 1721 2437 1805 magni-

1110 1908 1238 1915 —
1297 1828 1543 1894 tudinis
1576 1825 1837 1911 quidem
1856 1849 1934 1891 ex
1961 1828 2253 1913 utrisque
2283 1849 2433 1914 gra-

1295 1937 1473 2002 uitas
1501 1934 1570 2000 B
1586 1931 1667 2011 G,
1714 1932 2003 2017 grauitas
2050 1937 2269 2011 autem
2313 1934 2435 1999 hu-

1299 2041 1460 2108 midi
1486 2038 1791 2104 habentis
1821 2038 2061 2104 molem
2093 2039 2435 2124 aequalem

1299 2148 1489 2234 [ipsis
1503 2147 1587 2231 A,
1611 2144 1683 2210 D
1699 2146 1909 2211 maior
1929 2149 2030 2210 est
2050 2167 2247 2230 quam
2266 2144 2335 2211 B
2345 2144 2436 2231 G,

1344 2269 1387 2311 u
1428 2268 1499 2310 m
2406 2292 2433 2303 .-

985 2300 1064 2359 ’Β
1147 2312 1200 2367 G
1298 2250 2430 2445 {Soaezngalllffisdgussoffngggiffis

1298 2464 1400 2525 est
1424 2462 1573 2531 BG.
1620 2465 1989 2531 dimittatur
2005 2466 2207 2552 igitur
2226 2467 2297 2532 in
2314 2466 2435 2531 hu·

1300 2566 1548 2634 midum
1593 2572 1975 2657 magnitudo
2023 2594 2102 2637 ex
2138 2573 2432 2657 utrisque

393 2668 477 2753 A,
495 2666 566 2733 D
584 2670 960 2754 composita.
1007 2669 1092 2736 ad
1119 2674 1382 2738 tantum
1411 2674 1840 2765 demergetur,
1868 2679 2069 2745 donec
2088 2682 2275 2744 tanta
2294 2701 2435 2745 mo-

393 2775 489 2839 les
518 2773 786 2861 humidi,
805 2781 1124 2861 quantum
1155 2782 1258 2844 est
1285 2779 1649 2847 demersum
1673 2784 2163 2871 magnitudinis,
2191 2786 2435 2851 habeat

283 2904 357 2954 25
395 2882 791 2965 grauitatem
821 2883 1157 2969 aequalem
1187 2906 1335 2950 eum
1359 2891 1499 2953 tota.
1518 2892 1984 2977 magnitudine.
2029 2891 2432 2958 demonstra-

393 2990 538 3051 tum
585 2990 686 3052 est
729 2987 856 3054 hoc
900 2992 1113 3075 [prop.
1137 2990 1230 3074 5].
1295 2992 1385 3057 sit
1430 2997 1647 3061 autem
1694 2998 2064 3081 superficies
2112 3000 2433 3085 quaedam

391 3093 647 3157 humidi
685 3094 957 3161 alieuius
997 3119 1158 3182 quae
1187 3099 1332 3165 AB
1346 3099 1487 3167 GD
1510 3102 1835 3187 periferia.
1893 3105 2202 3189 quoniam
2229 3106 2435 3193 igitur

397 3221 653 3228 ——-.——

1147 1990 1205 2045 B

535 3292 586 3341 2.
643 3286 884 3359 surrexi]
939 3286 1365 3359 ἐπανιστάμενοι
1431 3312 1485 3364 p.
1535 3300 1667 3363 358,
1715 3302 1775 3365 ὃς
1834 3313 1943 3351 om.
2002 3296 2214 3353 Comm.
2380 3307 2434 3355 4.

389 3358 613 3426 „mole“
653 3358 943 3429 Tartalea‚
981 3362 1048 3415 ut
1081 3361 1178 3417 lin.
1219 3366 1270 3429 8,
1315 3370 1401 3418 17.
1547 3371 1631 3422 14.
1669 3367 1931 3439 humido]
1970 3384 2045 3424 se.
2085 3369 2296 3425 molem
2331 3370 2433 3426 ha·

392 3429 550 3484 beuti
587 3430 883 3497 aequalem
920 3432 1298 3501 magnitudini
1325 3436 1381 3488 A
1412 3437 1481 3505 4
1510 3436 1587 3492 D.
1708 3444 1791 3493 17.
1829 3438 1969 3509 ipsis
1989 3470 2056 3479 -
2077 3440 2172 3495 lin.
2208 3446 2302 3496 19:
2340 3458 2435 3498 ae-

393 3500 647 3570 qualem]
688 3516 794 3555 om.
834 3500 1124 3572 Tartalea3
1164 3505 1425 3575 suppleui
1462 3524 1531 3561 ex
1569 3506 1993 3566 Commandino.
