2659 3967
280 1269 348 1316 10

278 1800 344 1849 15

274 2331 343 2380 20

270 2933 337 2982 25

396 153 527 216 114
1146 154 1325 206 ΠΕΡΙ
1359 153 1659 206 man,

391 295 510 382 μαὶ
569 297 647 362 αἱ
694 292 828 364 άπὸ
886 299 1008 364 τοῦ
1053 303 1115 364 Θ
1156 294 1310 363 ποτὶ
1355 292 1483 362 τᾶν
1521 296 1650 362 ’τοῦ
1695 293 1948 362 κύκλου
1993 293 2426 382 περιφέρειαν

388 401 903 470 ποτιπιπτούσαι
962 405 1054 494 τῷ
1112 400 1237 488 μὲν
1291 399 1538 486 πλήθει
1593 404 1712 489 μιᾷ
1769 399 2094 479 ἐλάσσους
2145 402 2423 486 ταυτᾶν,

388 512 480 601 τῷ
537 507 615 576 δὲ
667 509 937 594 μεγέθει
996 515 1134 574 ἴσαι
1182 505 1502 586 ἄλλάλαις
1545 532 1616 574 τε
1659 505 1772 573 καὶ
1817 509 1899 596 τᾷ
1946 511 2252 597 μεγίστᾳ,
2307 507 2422 574 καὶ

388 613 938 702 άναγεγραφάται
986 610 1115 680 άπὸ
1164 616 1292 680 τᾶν
1327 615 1420 704 τῷ
1461 619 1584 704 ἴσῳ
1622 609 1924 680 άλλάλαν
1959 609 2424 700 ὑπερεχουσᾶν

390 719 614 808 ὁμοίοι
667 722 897 807 τομέες
950 719 1064 787 καὶ
1118 716 1250 787 άπὸ
1297 722 1423 786 τᾶν
1471 723 1628 786 ἰσᾶν
1673 722 1756 807 τᾷ
1802 723 2094 809 μεγίστᾳ.
2177 721 2248 786 oc
2289 717 2423 807 ἄρα

386 830 615 916 τομέες
660 831 732 896 oc
773 824 907 894 άπὸ
956 829 1080 894 τᾶν
1128 829 1285 894 ίσᾶν
1331 829 1414 914 τᾷ
1461 831 1736 916 μεγίστᾳ
1779 825 1933 893 ποτὶ
1978 823 2138 904 τοὺς
2178 827 2422 912 τομέας

386 933 545 1015 τοὺς
589 932 721 1001 άπὸ
766 937 895 1001 τᾶν
931 937 1023 1026 τῷ
1062 940 1185 1024 ἴσῳ
1224 929 1528 1000 άλλάλαν
1549 929 2022 1020 ’ὑπερεχουσᾶν
2058 932 2261 1020 χωρὶς
2296 935 2421 999 τοῦ

386 1038 517 1109 ἀπὸ
573 1043 691 1121 τᾶς
744 1044 1055 1126 μεγίστας
1100 1043 1370 1125 μείζονα
1414 1035 1624 1124 λόγον
1670 1042 1924 1124 ἔχοντι,
1982 1034 2023 1125 ἢ
2069 1037 2148 1105 τὸ
2194 1037 2420 1126 τετρά-

384 1173 611 1234 γωνον
667 1144 745 1213 τὸ
808 1143 939 1214 ἀπὸ
995 1149 1113 1224 τᾶς
1158 1151 1291 1212 ΘΑ
1343 1142 1498 1210 ποτὶ
1551 1141 1632 1210 τὰ
1691 1141 2172 1232 συναμφότερα
2226 1141 2304 1212 τό
2350 1169 2428 1221 τε,

384 1251 860 1341 περιεχόμενον
906 1249 1037 1320 ὑπὸ
1075 1254 1203 1319 τᾶν
1231 1256 1296 1318 Α
1304 1257 1383 1335 Θ,
1430 1257 1561 1318 ΘΕ
1591 1248 1704 1317 καὶ
1740 1248 1818 1317 τὸ
1857 1253 2086 1338 τρίτον
2122 1253 2248 1317 τοῦ
2283 1247 2417 1317 άπὸ

384 1363 501 1440 τᾶς
565 1367 699 1426 ΕΑ
758 1357 1203 1447 τετραγώνου.
1296 1361 1478 1425 ἔστιν
1543 1354 1622 1423 δὲ
1681 1368 1823 1435 τοῖς
1886 1355 2008 1442 μὲν
2070 1356 2420 1442 τομέεσσιν

383 1479 525 1546 τοῖς
569 1463 702 1533 άπὸ
750 1469 878 1531 τᾶν
922 1468 1014 1556 τῷ
1056 1472 1179 1553 ἴσῳ
1216 1460 1522 1530 άλλάλαν
1557 1458 2020 1552 ὑπερεχουσᾶν
2056 1462 2261 1550 χωρὶς
2295 1466 2420 1530 τοῦ

382 1568 515 1640 άπὸ
564 1576 680 1653 τᾶς
726 1577 1036 1659 μεγίστας
1072 1577 1225 1638 ἴσον
1259 1567 1338 1637 τὸ
1381 1569 1920 1656 ἐγγεγραμμένον
1957 1572 2178 1656 σχῆμα
2215 1571 2289 1637 ἐν
2323 1571 2420 1662 τῷ

383 1684 639 1770 χωρίῳ,
682 1691 825 1758 τοῖς
871 1676 949 1745 δὲ
992 1677 1241 1766 ἑτέροις
1289 1671 1325 1744 ὁ
1373 1673 1636 1754 κύκλος.
1719 1680 1990 1761 μείζονα
2036 1666 2164 1743 οὖν
2210 1673 2420 1761 λόγον

384 1790 515 1873 ἔχει
572 1783 609 1854 ὁ
657 1793 723 1852 Α
731 1787 877 1852 ΖΗ
875 1790 921 1851 Ι
968 1782 1214 1862 κύκλος
1266 1782 1418 1850 ποτὶ
1463 1780 1540 1848 τὸ
1591 1782 2128 1870 ἐγγεγραμμένον
2177 1786 2420 1870 σχῆμα,

381 1888 425 1978 ἢ
489 1890 567 1960 τὸ
622 1889 1046 1979 τετράγωνον
1100 1887 1177 1956 τὸ
1231 1885 1368 1956 άπὸ
1422 1890 1543 1968 τᾶς
1589 1895 1720 1955 ΘΑ
1773 1888 1924 1956 ποτὶ
1977 1887 2054 1956 τὸ
2111 1885 2246 1957 ὑπὸ
2291 1893 2422 1957 τᾶν

382 2006 533 2084 ΘΑ,
580 2005 712 2066 ΘΕ
750 1996 862 2063 καὶ
907 1994 984 2063 τὸ
1030 2000 1260 2083 τρίτον
1306 1995 1507 2081 μέρος
1550 1995 1672 2060 τοῦ
1711 1990 1844 2062 ἀπὸ
1882 1999 2000 2074 τᾶς
2026 2003 2166 2062 ΑΕ
2194 2020 2422 2084 τετρα-

380 2103 631 2190 γώνου,
676 2102 1019 2170 τουτέστιν
1066 2099 1101 2168 ὁ
1132 2109 1197 2168 Α
1207 2107 1351 2167 ΖΗ
1351 2107 1398 2167 Ι
1435 2099 1682 2180 κύκλος
1725 2101 1879 2168 ποτὶ
1914 2099 2038 2170 τὸν
2075 2118 2113 2174 (ἱ
2149 2101 2421 2171 κύκλον.

382 2215 622 2297 μείζων
668 2207 801 2296 ἄρα
846 2207 1029 2276 ἐστὶν
1078 2203 1113 2275 ὃ
1166 2224 1205 2278 Q
1240 2206 1489 2288 κύκλος
1524 2211 1646 2276 τοῦ
1685 2209 2225 2296 ἐγγεγραμμένου
2263 2207 2422 2296 σχή-

381 2338 608 2402 ματος·
694 2311 858 2402 ὅπερ
915 2311 1297 2397 ἀδύνατον,
1359 2305 1447 2400 ἦν
1501 2311 1634 2401 γὰρ
1693 2313 2015 2382 ἐλάσσων.
2107 2312 2232 2382 οὐκ
2285 2313 2425 2403 ἄρα

380 2421 563 2490 ἐστὶν
610 2419 773 2488 οὐδὲ
820 2417 1125 2488 ἐλάσσων
1173 2415 1209 2487 ὁ
1260 2435 1297 2490 Q
1343 2421 1588 2499 κύκλος
1621 2424 1744 2487 τοῦ
1783 2423 2256 2508 περιεχομένου
2292 2447 2424 2508 χω-

380 2533 535 2617 ρίου
579 2524 713 2596 ὑπό
757 2552 828 2593 τε
872 2529 992 2606 τᾶς
1027 2531 1375 2593 ΑΒΓΔΕ
1414 2527 1630 2606 ἕλικος
1665 2525 1778 2593 καὶ
1813 2530 1931 2606 τοῖς
1959 2534 2024 2593 Α
2033 2533 2097 2593 Ε
2130 2523 2419 2606 εὐθείας.

391 2632 567 2704 ὥστε
613 2641 772 2714 ἴσος.

1190 2812 1456 2862 ΠΟΡΙΣ
1469 2813 1602 2864 MA.

511 2915 623 2984 διὰ
683 2915 758 2984 δὲ
810 2921 935 2984 τοῦ
995 2914 1209 2984 αὐτοῦ
1264 2915 1523 3006 τρόπον
1570 2917 2029 3004 δειχθησέται,
2075 2917 2189 2984 καὶ
2239 2917 2419 2986 διότι

372 3021 451 3092 τὸ
516 3010 937 3112 στεριλαφθὲν
1010 3029 1264 3112 χωρίον
1335 3020 1469 3091 ὑπό
1543 3050 1613 3091 τε
1685 3028 1808 3104 τοῖς
1873 3025 2087 3104 ἕλικος
2151 3027 2272 3104 τᾶς
2339 3027 2415 3092 ἐν

377 3126 710 3220 ὁποιᾳοῦν
765 3135 1101 3219 περιφορᾷ
1146 3131 1608 3220 γεγραμμένας
1651 3130 1765 3197 καὶ
1810 3135 1929 3210 τοῖς
1973 3128 2248 3210 εὐθείας
2291 3133 2415 3210 τᾶς

375 3235 543 3304 κατὰ
598 3235 722 3305 τὸν
779 3233 990 3306 αὐτὸν
1047 3233 1352 3326 άρνθμὸν
1406 3251 1552 3317 ταῖς
1604 3251 2003 3326 περιφοραῖς
2047 3237 2414 3324 λεγομένας

516 3438 566 3488 2.
597 3432 826 3522 μιανἘ·
857 3448 991 3487 corr.
1013 3431 1109 3488 B*.
1198 3433 1444 3505 ταυτᾶν]
1474 3433 1688 3502 scripsi;
1716 3452 1896 3501 ταυτη
1924 3431 1986 3518 Ἐς
2017 3426 2164 3502 αύτῇ
2185 3432 2298 3517 AB,
2329 3432 2417 3488 ed.

372 3502 567 3570 Basilq
616 3499 828 3557 ἕαυτᾶν
868 3502 1162 3558 Torellius
1274 3510 1321 3559 3.
1363 3508 1622 3572 αλληλαις
1651 3503 1712 3559 Ἐ.
1826 3509 1876 3558 4.
1916 3497 2420 3572 αναγεγράφονται
