2659 3967
850 195 1073 253 LIBER
1104 196 1672 255 ASSUMPTORUM.
2134 197 2266 264 437

244 340 376 427 ipsi
401 340 561 426 ΑΕ,
605 364 769 429 quae
814 347 917 409 est
951 343 1011 409 ei
1048 343 1383 428 aequalia·
1421 347 1490 409 et
1526 344 1678 428 quia
1712 342 2099 428 quadratum
2125 340 2271 411 AB

247 448 517 532 duplum
570 451 671 515 est
726 448 1027 533 quadrati
1078 447 1223 514 ΑΕ
1273 448 1486 531 [Eucl.
1528 448 1589 533 1,
1631 450 1749 532 47]
1811 450 1951 515 siue
1994 448 2148 533 Do,
2204 453 2273 515 et

248 558 585 641 proportio
650 555 1118 641 quadratorum
1180 577 1259 621 ex
1322 555 1657 621 diametris
1724 556 2111 623 circulorum
2171 559 2274 621 est

253 1631 480 1697 eadem
524 1630 938 1715 proportioni
985 1630 1208 1697 circuli
1254 1632 1335 1697 ad
1381 1630 1691 1697 circulum
1738 1630 1947 1714 [Eucl.
1991 1628 2140 1715 XII,
2183 1631 2276 1714 21,

251 1736 457 1822 igitur
502 1735 777 1803 circulus
812 1736 958 1802 AB
1002 1735 1235 1823 duplus
1284 1739 1385 1802 est
1429 1736 1652 1802 circuli
1683 1734 1839 1823 Οὓς
1888 1740 1954 1802 et
1997 1735 2123 1803 hoc
2164 1740 2283 1821 est,

255 1843 427 1926 quod
473 1841 817 1909 noluimus,

1179 2017 1363 2084 VIII.

389 2140 458 2207 Si
513 2141 883 2228 egrediatur
935 2143 1006 2208 in
1059 2143 1299 2208 circulo
1356 2142 1534 2208 linea
1577 2140 1722 2208 AB
1767 2142 2161 2226 ubicunque,
2217 2146 2286 2206 et

251 2249 649 2333 producatur
691 2250 762 2314 in
807 2249 1139 2334 directum,
1185 2252 1251 2313 et
1295 2252 1580 2333 ponatur
1605 2247 1743 2316 Bo
1773 2247 2060 2334 aequalis
2097 2248 2285 2315 semi-

254 2353 571 2421 diametro
618 2354 862 2439 circuli,
908 2359 975 2420 et
1018 2355 1331 2440 iungatur
1378 2378 1455 2421 ex
1489 2354 1548 2421 G
1585 2355 1663 2420 ad
1711 2359 2006 2421 centrum
2043 2354 2287 2439 circuli,

257 2460 431 2544 quod
468 2466 569 2527 est
596 2460 683 2547 D,
731 2465 798 2528 et
834 2460 1231 2547 producatur
1266 2461 1350 2527 ad
1376 2462 1458 2547 E,
1497 2463 1624 2528 erit
1660 2484 1847 2528 arcus
1875 2461 2020 2526 ΑΕ
2048 2461 2286 2544 triplus

257 2588 443 2631 arcus
488 2566 647 2632 BF.
1206 2578 1210 2583 '

268 2694 279 2703 ·
390 2671 738 2737 educamus
782 2672 989 2757 igitur
1033 2672 1103 2740 E
1110 2672 1173 2739 G
1215 2672 1596 2756 parallelam
1641 2672 1770 2756 ipsi
1814 2671 1986 2755 AB,
2039 2675 2104 2736 et
2147 2671 2288 2736 iun·

1211 2800 1443 2865 gamus
1507 2776 1680 2861 DB,
1741 2776 1902 2843 DG.
1992 2779 2060 2842 et
2130 2778 2286 2862 quia

647 2854 1339 3132 Vssduo
1369 2882 1591 2968 anguli
1619 2882 1852 2968 ΒΕΘ,
1877 2882 2103 2951 DGE
2137 2887 2289 2948 sunt

817 2983 967 3290 ·
1213 2989 1533 3074 aequales,
1583 2990 1708 3055 erit
1753 2988 2035 3077 angulus
2084 2988 2295 3056 GDO

1210 3095 1447 3180 duplus
1486 3095 1712 3182 anguli
1747 3093 1965 3161 ΒΕΘ-
2003 3096 2210 3176 [Eucl.
2238 3094 2289 3177 Ι,

1212 3202 1347 3283 32].
1440 3205 1506 3267 et
1563 3201 1715 3286 quia
1758 3201 2033 3289 angulus
2080 3200 2150 3265 B
2158 3200 2295 3267 DC

957 3276 1025 3349 ὅ
1214 3307 1503 3391 aequalis
1541 3310 1643 3373 est
1681 3308 1919 3393 angulo
1947 3304 2181 3392 BGD,
2219 3312 2288 3373 et

1217 3414 1499 3499 angulus
1565 3412 1765 3480 GEG
1829 3411 2122 3498 aequalis
2187 3418 2290 3479 est

273 3524 511 3609 angulo
555 3520 761 3589 AGE
801 3519 1011 3603 [Eucl.
1048 3520 1100 3606 1,
1134 3521 1273 3605 29],
1315 3520 1446 3585 erit
1490 3520 1769 3604 angulus
1811 3518 2019 3587 GDG
2056 3520 2291 3605 duplus
