2659 3967
402 166 439 233 7
446 172 488 235 2
1158 172 1333 223 ΠΕΡΙ
1370 170 1667 226 mmmm.

396 317 517 393 τᾶς
561 314 804 400 ἕλικος,
861 310 903 381 ἆ
951 312 1028 382 δὲ
1073 320 1205 382 ΘΑ
1249 309 1519 400 γραμμὰ
1568 308 1737 400 ἀρχὰ
1784 312 1901 390 τᾶς
1945 308 2347 399 περιφορᾶς,
2398 307 2438 379 ὁ

399 419 476 488 δὲ
530 426 588 489 Θ
603 426 684 489 Η
695 426 764 488 Κ
811 418 1057 500 κύκλος
1114 417 1150 488 ὁ
1207 423 1486 507 πρῶτος.
1588 419 1961 499 ἐπιψαυέτω
2016 418 2104 486 ,δέ
2160 442 2260 497 τις
2318 418 2439 497 τᾶς

399 528 617 606 ἕλικος
663 524 830 595 κατὰ
875 527 953 595 τὸ
1001 534 1089 613 Θ,
1135 524 1180 593 ἁ
1227 532 1381 612 ΘΖ,
1426 524 1539 591 καὶ
1586 520 1717 592 ἀπὸ
1764 527 1887 593 τοῦ
1935 532 2000 592 A
2018 522 2239 612 ὄχθαι
2282 520 2432 591 ποτ’

403 628 621 721 ὀρθὰς
664 637 748 721 τᾷ
793 640 930 701 ΘΑ
976 631 1019 701 ἆ
1037 680 1044 685 -
1065 642 1130 703 A
1141 641 1214 702 Ζ.
1305 635 1733 719 συμπεσείται
1780 627 1863 717 δὴ
1910 628 2085 698 αὐτὰ
2123 628 2277 700 ποτὶ
2312 626 2441 697 τὰν

329 753 364 804 5
401 746 554 825 ΘΖ,
603 739 743 807 ἐπεὶ
781 742 857 806 αἱ
891 746 1043 825 ΖΘ,
1081 746 1214 808 ΘΛ
1259 736 1485 820 ὀξεῖαν
1529 742 1786 824 γωνίαν
1820 738 2209 825 περιέχοντι.
2274 756 2439 824 συμ-

398 846 686 913 πιπτέτω
732 842 904 913 κατὰ
943 843 1021 914 τὸ
1071 853 1143 914 Ζ.
1225 845 1555 930 δεικτέον,
1604 842 1711 912 ὅτι
1750 840 1798 911 ἁ
1844 851 1976 912 ΖΑ
2020 852 2135 912 ἶσα
2180 844 2319 912 ἐστὶ
2349 847 2439 932 τᾷ

399 956 524 1020 τοῦ
569 959 704 1019 ΘΚ
709 958 787 1018 Η
825 950 1079 1020 κύκλου
1122 956 1530 1042 περιφερείᾳ.
2211 1006 2227 1013 -

538 1062 599 1126 εἰ
650 1056 778 1148 γὰρ
835 1058 959 1147 μή,
1018 1057 1168 1146 ἤτοι
1223 1064 1465 1146 μείζων
1518 1058 1700 1127 ἐστὶν
1756 1053 1799 1145 ἢ
1856 1057 2178 1127 ἐλάσσων.
2269 1060 2439 1133 ἔστω

401 1164 754 1257 πρότερον,
793 1170 856 1235 εἰ
892 1164 1210 1252 δυνατόν,
1249 1170 1509 1252 μείζων.
1573 1168 1819 1249 ἔλαβον
1858 1163 1942 1251 δή
1979 1190 2132 1232 τινα
2161 1162 2443 1233 εὐθεῖαν

298 1286 366 1336 10
399 1264 542 1341 τάν.
575 1279 715 1339 ΛΑ
766 1275 887 1351 τᾶς
941 1271 1062 1359 μὲν
1112 1279 1242 1340 ΖΑ
1296 1268 1570 1350 εὐθείας
1617 1269 1980 1356 ἐλάσσονα,
2033 1274 2151 1349 τᾶς
2196 1269 2273 1339 δὲ
2315 1275 2442 1339 τοῦ

406 2147 623 2209 ΘΗΚ
675 2139 929 2211 κύκλου
981 2148 1406 2231 περιφερείας
1458 2148 1749 2229 μείζονα.
1839 2148 2021 2211 ἔστιν
2068 2142 2153 2229 δὴ
2198 2142 2449 2223 κύκλος

403 2272 504 2327 τις
559 2244 596 2315 ὁ
643 2252 886 2332 ΘΗΚ,
940 2246 1054 2315 καὶ
1111 2249 1184 2315 ἐν
1238 2252 1332 2341 τῷ
1390 2246 1614 2340 κύκλῳ
1660 2246 1931 2337 γραμμὰ
1978 2248 2281 2322 ἐλάσσων
2324 2253 2449 2337 τᾶς

407 2352 769 2441 διαμέτρου
813 2349 855 2421 ἆ
893 2360 1056 2439 ΘΗ,
1099 2354 1213 2439 καὶ
1260 2352 1481 2443 λόγος,
1530 2352 1613 2445 ὃν
1660 2359 1792 2444 ἔχει
1840 2352 1883 2422 ἆ
1921 2356 2246 2437 ΘΑποτὶ
2283 2363 2443 2440 ΑΛ,

405 2466 648 2549 μείζων
690 2463 838 2545 τοῦ,
887 2456 970 2529 ὃν
1015 2465 1149 2549 ἔχει
1195 2457 1238 2528 ἆ
1287 2457 1558 2549 ἡμίσεια
1601 2466 1721 2545 τοῖς
1757 2460 1896 2531 ΗΘ
1938 2462 2093 2549 ποτὶ
2137 2461 2264 2551 τὰν
2306 2458 2441 2531 άπὸ

297 2590 368 2640 15
405 2570 529 2635 τοῦ
566 2574 632 2635 A
673 2564 969 2639 κάθετον
1017 2565 1118 2636 ἐπ’
1168 2565 1387 2639 αὐτὰν
1433 2567 1757 2657 ἄγμέναν,
1804 2569 1979 2639 διότι
2013 2562 2125 2642 καὶ
2164 2573 2312 2657 τοῦ,
2361 2566 2444 2639 ὃν

406 2677 540 2762 ἔχει
587 2668 630 2739 ἁ
677 2679 810 2741 ΘΛ
854 2671 1008 2742 ποτὶ
1058 2682 1208 2745 AZ.
1282 2673 1581 2744 δυνατὸν
1629 2668 1755 2744 οὖν
1801 2677 1985 2744 ἐστιν
2030 2673 2162 2751 ἀπὸ
2209 2680 2333 2759 τοῦ
2379 2684 2444 2745 Α

406 2785 793 2866 ποτιβαλετν
837 2780 989 2849 ποτὶ
1032 2778 1161 2848 τὰν
1208 2782 1700 2869 ἐκβεβλημέναν
1743 2780 1871 2849 τὰν
1899 2790 1964 2849 Α
1972 2786 2063 2868 Ν,
2111 2779 2282 2869 ὥστε
2315 2779 2445 2877 τὰν

405 2884 651 2972 μεταξὺ
695 2889 816 2966 τᾶς
855 2892 1281 2977 περιφερείας
1325 2886 1439 2957 καὶ
1474 2890 1595 2969 τᾶς
1614 2889 2114 2977 ,ἐκβεβλημένας
2150 2886 2273 2955 τὰν
2310 2894 2453 2955 ΝΡ

407 2991 560 3060 ποτὶ
606 2999 733 3059 ΘΡ
778 2990 902 3060 τὸν
948 2990 1160 3061 αὐτὸν
1206 2989 1382 3081 ἔχειν
1428 2990 1668 3079 λόγον,
1725 2989 1808 3061 ὃν
1854 2989 1897 3060 ἆ
1944 3000 2077 3060 ΘΑ
2102 2986 2274 3063 Ιποτὶ
2319 2993 2444 3062 τὰν

297 3122 372 3173 20
407 3103 567 3165 AA.
659 3098 790 3177 ἕξει
837 3089 966 3169 οὖν.
1012 3094 1055 3164 ἁ
1101 3100 1242 3166 NP
1278 3099 1433 3167 ποτὶ
1477 3096 1602 3167 ταν
1649 3104 1776 3171 ΡΛ
1818 3097 2057 3186 λόγον’,
2086 3097 2187 3168 ’ὃν
2233 3096 2277 3168 ά
2325 3106 2453 3169 ΘΡ

405 3198 648 3273 εὔθετα
700 3202 856 3271 ποτὶ
906 3200 1033 3272 τάν
1077 3212 1234 3276 AA.
1323 3202 1368 3273 ἆ
1416 3205 1513 3277 δὲ.
1540 3212 1668 3276 ΘΡ
1704 3206 1857 3277 ποτὶ
1900 3204 2026 3275 τὰν
2071 3212 2208 3277 ΑΛ
2254 3208 2445 3279 ἐλάσ-

407 3326 581 3379 σονα
634 3308 845 3397 λόγον
900 3314 1063 3398 ἔχει,
1123 3306 1169 3402 ἢ
1227 3308 1270 3407 ᾇ
1317 3319 1447 3379 ΘΡ
1492 3313 1895 3403 περιφέρεια
1934 3313 2086 3381 ποτὶ
2140 3312 2267 3382 τὰν
2320 3318 2443 3383 τοῦ

553 3522 603 3571 3.
643 3510 802 3588 ποτ’]
841 3534 981 3584 προς
1016 3531 1120 3586 per
1151 3504 1338 3586 bomp.
1372 3516 1445 3586 13¹3
1484 3533 1623 3573 corr.
1661 3514 1731 3571 V.
1778 3536 1781 3539 ’
1888 3522 1939 3573 ὅ.
1975 3534 2334 3589 περιεχουσιν
2370 3518 2441 3586 F;
