2659 3967
645 180 745 236 DE
779 181 1189 238 PLANORUM
1225 181 1717 250 AEQUILIBRIIS
1755 186 1862 240 eto.
2137 182 2264 248 147

366 451 668 517 Pondera
710 451 1083 538 inaequalia
1128 474 1206 518 ex
1250 452 1703 538 inaequalibus
1748 452 2267 538 longitudinibus

226 583 547 645 suspensa
575 559 1124 644 aequilibritatem
1152 560 1508 625 seruabant
1520 555 1592 646 ¹),
1621 563 1687 625 et
1709 560 1922 626 maius
1951 581 1986 625 e
2013 561 2265 629 minore

224 664 639 752 longitudine
686 687 1075 749 suspensum
1123 665 1265 731 erit.

364 773 499 840 sint
543 778 636 857 A,
672 776 731 837 B
776 772 1065 856 pondera
1110 773 1510 858 inaequalia,
1557 776 1622 839 et
1665 773 1877 839 maius
1927 774 2015 839 sit
2059 779 2153 860 A,
2198 778 2266 840 et

227 903 262 946 e
336 878 859 964 longitudinibus
932 883 1001 943 A
1009 881 1091 958 Γ,
1138 881 1262 944 ΓΒ
1330 901 1646 963 suspensa
1710 877 2265 964 aequilibritatem

229 990 513 1052 seruent.
604 985 1180 1052 demonstrandum
1227 989 1365 1051 ΑΓ
1385 997 1456 1059 <
1480 987 1623 1051 ΓΒ.

351 1115 506 1158 nam
552 1094 767 1158 minor
810 1115 893 1158 ne
940 1092 1046 1158 sit.
1136 1091 1362 1158 ablato
1408 1092 1615 1179 igitur
1652 1113 1934 1179 excessu,
1981 1115 2109 1178 quo
2157 1116 2264 1160 ex-

225 1198 399 1265 cedit
460 1203 529 1263 A
588 1197 1107 1283 magnitudinem
1171 1202 1256 1283 Β,
1320 1202 1596 1285 uergent
1659 1199 1740 1264 ad
1803 1204 1890 1284 Β,
1945 1201 2261 1284 quoniam

227 1305 785 1390 aequilibritatem
832 1304 1249 1371 seruantibus
1298 1305 1383 1370 ab
1430 1305 1637 1371 altero
1683 1305 1929 1390 aliquid
1967 1305 2263 1372 ablatum

224 1415 329 1476 est
384 1411 650 1495 [postul.
696 1409 787 1491 3].
877 1409 989 1474 sed
1024 1409 1178 1475 'non
1231 1414 1522 1497 uergent.
1610 1433 1765 1477 nam
1821 1411 1960 1476 siue
2013 1413 2146 1476 ΓΑ

224 1521 379 1602 ΓΒ,
425 1516 973 1602 aequilibritatem
1020 1518 1403 1602 seruabunt3
1465 1517 1766 1602 aequalia
1811 1518 1984 1584 enim
2031 1541 2109 1584 ex
2155 1540 2261 1584 ae-

223 1623 533 1708 qualibus
587 1623 1109 1710 longitudinibus
1158 1644 1474 1707 suspensa
1519 1622 2071 1707 aequilibritatem
2127 1647 2258 1690 ser-

222 1734 385 1796 uant
449 1729 718 1815 [postul.
788 1731 872 1812 1].
976 1731 1113 1795 siue
1178 1733 1307 1794 ΓΑ
1351 1741 1422 1804 >
1468 1733 1620 1815 ΓΒ,
1683 1729 1765 1795 ad
1829 1735 1894 1794 A
1956 1734 2258 1814 uergent3

220 1858 378 1902 nam
424 1837 724 1924 aequalia
770 1859 849 1902 ex
884 1835 1340 1921 inaequalibus
1376 1835 1894 1921 longitudinibus
1936 1857 2254 1922 suspensa

230 1942 782 2028 aequilibritatem
826 1963 960 2008 non
998 1943 1283 2026 seruant,
1330 1940 1444 2006 sed
1481 1940 1563 2006 ad
1601 1941 1854 2026 pondus
1897 1965 1973 2008 ex
2009 1943 2257 2009 maiore

220 2049 629 2136 longitudine
704 2071 1093 2134 suspensum
1174 2052 1455 2134 uergunt
1534 2048 1799 2132 [postul.
1863 2049 1948 2130 1].
2019 2071 2256 2134 „quare

220 2157 350 2222 erit
387 2159 526 2220 ΑΓ
544 2166 613 2231 <
638 2159 781 2223 ΓΒ.
824 2193 903 2203 -
945 2159 1014 2221 et
1050 2156 1339 2240 adparet,
1385 2154 1585 2219 etiam
1621 2154 1928 2240 pondera,
1975 2177 2138 2240 quae
2177 2177 2256 2221 ex

219 2262 675 2347 inaequalibus
739 2261 1260 2347 longitudinibus
1326 2281 1644 2344 suspensa
1699 2261 2252 2346 aequilibritatem

220 2371 511 2454 seruent,
555 2367 927 2452 inaequalia
974 2390 1141 2452 esse,
1187 2370 1253 2432 et
1295 2367 1551 2451 pondus
1598 2389 1632 2432 e
1679 2367 1928 2433 minore
1973 2351 2254 2455 longitu⁸-

220 2475 370 2541 dine
418 2497 801 2559 suspensum
847 2471 1144 2562 maiuS.²)

1181 2632 1297 2699 IV.

356 2755 426 2823 Si
464 2757 629 2823 duae
666 2757 1150 2843 magnitudines
1184 2759 1487 2842 aequales
1515 2756 1684 2822 idem
1713 2760 2006 2823 centrum
2035 2757 2250 2842 graui-

216 2866 381 2931 tatis
436 2886 569 2930 non
624 2863 896 2949 habent,
951 2865 1418 2951 magnitudinis
1475 2885 1555 2928 ex
1609 2867 1880 2948 utraque
1925 2863 2248 2950 magnitu-

362 3021 420 3104 J)
474 3021 542 3104 ῌ.
600 3037 656 3105 θ..
710 3022 758 3075 si
802 3021 1053 3091 pondera
1096 3021 1417 3090 inaequalia
1471 3019 1948 3090 aequilibritatem
2005 3025 2247 3092 seruant,

219 3092 1317 3234 longggugggzeffiigqgafilssrggggzifionis
1356 3168 1406 3218 3.

214 3340 320 3392 per
356 3339 547 3392 comp,
578 3322 639 3380 F.
776 3324 877 3406 δή]
914 3321 1135 3393 seripsi;
1174 3324 1237 3376 δε
1275 3323 1337 3389 F,
1373 3322 1567 3392 uulgo.
1709 3329 1788 3378 11.
1830 3321 2239 3393 ι’σσοροπέοντι]

215 3411 327 3451 om.
364 3395 435 3461 F;
474 3409 614 3450 corr.
654 3393 943 3456 Torelhus.
1118 3399 1201 3447 14.
1241 3388 1370 3466 ἐπί]
1409 3411 1518 3452 om.
1553 3395 1624 3461 F;
1663 3412 1801 3449 corr.
1841 3393 2134 3449 Torellius.

214 3460 307 3536 τό]
348 3483 457 3520 om.
494 3465 567 3530 F;
611 3482 752 3521 corr.
790 3465 1083 3520 Torellius.
1196 3470 1278 3520 16.
1316 3483 1752 3536 ισσορροπεοντα
1787 3464 1850 3518 F.
1963 3470 2045 3519 18.
2085 3460 2142 3536 β’
2180 3464 2242 3520 F.

215 3541 303 3590 20.
342 3554 529 3606 εχοντι
565 3536 627 3605 F,
666 3537 856 3606 uulgo.

1814 3623 1923 3679 10*
