2659 3967
390 169 477 234 93
1155 167 1333 218 ΠΕΡΙ
1366 163 1666 220 mnam,

391 308 476 396 δὴ
532 324 673 390 τοῖς
726 310 1055 398 πρότερον
1108 308 1613 398 γεγράφθωσαν
1663 308 1902 377 κύκλοι
1957 306 2070 376 διὰ
2124 313 2262 377 τῶν
2308 329 2426 378 σα-

388 420 619 504 μείων,
663 414 823 484 καθ’
876 411 919 483 ἃ
966 416 1275 502 τέμνοντι
1320 413 1449 483 τάν
1496 415 1682 482 ἕλικα
1727 417 1802 482 αἱ
1833 414 1952 497 τὰς
1989 423 2138 496 ἴσας
2171 421 2426 503 γωνίας

1346 520 1662 590 ποιούσαι
1691 522 1844 591 ποτὶ
1871 524 1962 613 τῷ
1991 529 2070 608 Θ,
2100 521 2268 591 ὥστε
2293 525 2424 590 τᾶν

1345 633 1777 717 περιφερειᾶν
1879 628 2162 698 ἕκάσταν
2258 648 2421 716 συμ-

1346 742 1611 806 πίπτειν
1672 741 1756 826 τᾷ
1814 762 1885 804 τε
1945 736 2424 826 προαγουμένᾳ

1347 842 1458 910 καὶ
1477 848 1559 934 τᾷ
1581 843 1888 934 ἕπομένᾳ.
1937 845 2222 910 ἐσσείται
2251 841 2336 928 δή
2355 868 2422 910 τι

1345 950 1496 1039 περὶ
1541 951 1617 1018 τὸ
1656 949 2132 1038 περιεχόμενον
2168 953 2422 1037 χωρίον

1343 1053 1476 1126 ὑπό
1531 1083 1603 1124 τε
1655 1060 1775 1138 τᾶς
1820 1063 2162 1126 ΑΒΓΔΕ
2203 1057 2422 1136 ἕλικος

1336 1164 1449 1232 καὶ
1517 1168 1644 1232 τᾶν
1709 1174 1774 1233 A
1786 1171 1876 1251 Θ,
1941 1171 2074 1232 ΘΕ
2133 1161 2418 1233 εὐθειᾶν

1338 1272 1957 1360 περιγεγραμμένον
2013 1274 2234 1359 σχῆμα
2279 1272 2420 1338 ἐπί-

1337 1382 1545 1445 πεδον
1584 1379 1650 1458 ἐξ
1684 1374 1941 1465 ὁμοίων
1969 1377 2231 1463 τομέων
2259 1395 2418 1461 συγ-

1337 1491 1646 1571 κείμενον
1690 1484 1805 1551 ocal
1848 1482 2013 1552 ἄλλο
2055 1486 2415 1570 ἐγγεγραμ-

383 1586 623 1673 μένον,
695 1588 808 1655 καὶ
880 1588 955 1657 τὸ
1020 1591 1637 1679 περιγεγραμμένον
1700 1594 1822 1658 τοῦ
1879 1591 2418 1678 ἐγγεγραμμένου

384 1691 697 1763 ἐλάσσονι
750 1691 1055 1784 ὑπερέχει
1099 1703 1224 1765 τοῦ
1270 1698 1716 1786 προτεθέντος
1759 1703 2029 1785 χωρίου.
2113 1696 2416 1765 ἐλάσσων

276 1817 343 1867 15
382 1800 513 1890 γάρ
560 1804 741 1871 ἐστιν
789 1799 825 1870 ὁ
876 1810 1086 1871 ΘΑΚ
1126 1803 1388 1891 τομεύς.

1199 2001 1603 2056 ΠΟΡΙΣΜΔ.

516 2104 588 2170 ἐκ
632 2101 879 2170 τούτου
925 2104 1227 2194 φανερόν
1276 2108 1488 2193 ἐστιν,
1545 2104 1649 2174 ὅτι
1696 2103 1990 2174 δυνατόν
2036 2106 2217 2173 ἐστιν
2261 2104 2415 2193 περὶ

378 2205 454 2276 τὸ
522 2210 877 2296 εἰρημένον
930 2217 1183 2300 χωρίον
1241 2217 1462 2300 σχῆμα
1517 2215 1862 2298 ἐπίπεδον,
1929 2205 2079 2281 οἷον
2135 2210 2415 2299 εἰρήται,

378 2313 787 2402 περιγράψαι
851 2314 1019 2385 ὥστε
1073 2316 1149 2386 τὸ
1205 2318 1619 2409 περιγραφὲν
1675 2322 1895 2406 σχῆμα
1948 2324 2172 2406 μεῖζον
2229 2315 2414 2405 εἶμεν

274 2437 345 2486 20
382 2425 505 2490 τοῦ
550 2427 804 2510 χωρίου
850 2422 1167 2492 ἐλάσσονι
1213 2423 1464 2505 παντὸς
1497 2429 1622 2494 τοῦ
1658 2426 2102 2513 προτεθέντος
2137 2432 2414 2514 χωρίου,

374 2527 489 2595 καὶ
533 2528 739 2596 πάλιν
786 2528 1115 2617 ἐγγράψαι
1163 2528 1331 2599 ὥστε
1377 2529 1454 2599 τὸ
1502 2532 1857 2619 εἰρημένον
1897 2537 2148 2619 χωρίον
2186 2538 2413 2618 μεῖζον

376 2631 561 2722 εἶμεν
606 2637 729 2703 τοῦ
775 2637 1224 2723 ἐγγραφέντος
1270 2637 1603 2726 σχήματος
1650 2636 1966 2706 ἐλάσσονι
2001 2636 2252 2718 παντὸς
2287 2643 2412 2707 τοῦ

374 2742 821 2830 προτεθέντος
865 2749 1135 2832 χωρίου.

1318 2920 1458 2988 κδ’.

266 3057 334 3107 25
516 3040 605 3110 Τὸ
663 3043 1084 3132 περιλαφθὲν
1138 3050 1389 3134 χωρίον
1443 3041 1578 3114 ὑπό
1635 3071 1705 3113 τε
1749 3049 1866 3126 τᾶς
1913 3047 2128 3125 ἕλικος
2171 3049 2290 3124 τᾶς
2333 3048 2408 3114 ἐν

374 3153 455 3238 τᾷ
501 3148 734 3240 πρώτᾳ
768 3155 1104 3240 περιφορᾷ
1150 3154 1610 3240 γεγραμμένας
1653 3153 1766 3221 καὶ
1811 3156 1930 3233 τᾶς
1976 3153 2247 3232 εὐθείας
2289 3156 2409 3233 τᾶς

370 3254 635 3347 πρώτας
678 3259 805 3324 τᾶν
862 3259 935 3325 ἐν
990 3261 1072 3347 τᾷ
1128 3255 1301 3347 ἀρχᾷ
1358 3263 1476 3340 τᾶς
1520 3265 1889 3350 περιφορᾶς
1932 3263 2160 3348 τρίτον
2208 3261 2408 3347 μέρος

374 3363 511 3432 ἐστὶ
554 3365 679 3430 τοῦ
723 3361 977 3431 κύκλου
1021 3368 1145 3432 τοῦ
1188 3365 1478 3453 πρώτου.

374 3485 487 3494 ——-—-

728 3484 801 3493 --

514 3530 563 3579 2.
603 3543 902 3594 τεμνουσιν
948 3544 1050 3595 την
1087 3525 1158 3593 Ες
1205 3542 1347 3582 corr.
1396 3526 1687 3584 Toranius.
1868 3532 1917 3583 3.
1953 3527 2056 3600 τῷ]
2095 3524 2404 3594 'Perellius3
