2659 3967
452 188 582 254 308
905 188 1523 241 τΕτΡΑΓῼΝΙΣΜοΣ
1560 188 2027 241 ΠΑΡΑΒΟΛΗΣ.

451 333 584 413 ἕξει
643 329 1051 399 κατάστασιν
1103 328 1180 398 τὸ
1237 336 1294 397 Β
1307 335 1432 397 ΓΔ
1486 335 1821 417 τρίγωνον
1876 272 2029 396 ntzel
2084 326 2206 397 τὸν
2264 328 2489 416 ζυγόν,

456 436 892 527 ἰσορροπήσει
957 434 1210 523 ὁμοίως
1269 432 1346 502 τὸ
1403 442 1459 503 Ζ
1517 441 1787 523 χωρίον.
1880 434 2020 503 ἐπεὶ
2083 435 2161 505 δὲ
2226 440 2492 525 ἰσορρο-

453 546 686 613 πέοντι
729 543 804 613 τὸ
854 542 979 630 μὲν
1026 548 1081 609 Ζ
1125 541 1547 630 κρεμάμενον
1590 539 1757 608 κατὰ
1804 538 1880 609 τὸ
1926 551 2013 628 A,
2058 541 2134 610 τὸ
2186 542 2263 611 δὲ
2306 548 2499 611 ΒΔΓ
2632 560 2636 697 4

449 648 618 719 κατὰ
664 649 740 720 τὸ
791 656 882 736 Ε,
931 653 1164 737 δῆλον,
1211 645 1305 728 ὥς
1350 645 1803 715 ἆντιπέπονθε
1847 661 1990 729 τοῖς
2034 648 2337 735 μάκεσιν,
2382 652 2501 717 καί

381 762 415 811 5
456 759 668 843 ἐστιν,
725 753 815 836 ὥς
869 753 912 824 ἆ
962 763 1093 823 ΑΒ
1139 754 1292 823 ποτὶ
1337 751 1464 821 τὰν
1510 760 1672 839 ΒΕ,
1728 752 1943 833 οὕτως
1986 752 2062 822 τὸ
2110 761 2326 841 ΒΔΓ
2362 761 2493 843 τρί-

453 889 680 949 γωνον
717 863 871 932 ποτὶ
907 860 984 932 τὸ
1017 870 1073 931 Ζ
1109 865 1377 949 χωρίον.
1442 867 1801 949 τριπλασία
1838 856 1996 930 δὲ’ἱι
2023 869 2155 929 ΑΒ
2194 866 2315 942 τᾶς
2347 870 2494 930 ΒΕ.

453 970 566 1037 καὶ
630 967 706 1036 τὸ
761 975 899 1037 BA
909 974 974 1036 Γ
1029 967 1164 1056 ἄρα
1221 972 1556 1055 τρίγωνον
1612 966 2010 1055 τριπλάσιόν
2066 970 2204 1037 ἐστι
2258 972 2383 1037 τοῦ
2438 977 2496 1035 Ζ

453 1081 726 1163 χωρίου.

588 1178 894 1269 φανερὸν
941 1179 1018 1248 δὲ
1056 1177 1214 1263 [ὅτι]
1253 1184 1388 1265 καί,
1436 1187 1503 1246 εἴ
1540 1204 1625 1245 κα
1660 1178 2060 1267 τριπλασιον
2096 1171 2139 1269 ἦ
2178 1179 2253 1249 τὸ
2292 1188 2505 1250 ΒΔΓ

352 1293 418 1342 10
455 1292 791 1375 τρύγωνον
837 1291 961 1355 τοῦ
1011 1294 1067 1355 Ζ
1111 1290 1387 1373 χωρίου,
1436 1284 1539 1353 ὅτι
1586 1285 2038 1373 ἰσορροπήσει.

570 1605 790 1676 ’Ἔστω
835 1608 1042 1677 πάλιν
1090 1604 1283 1693 ζυγὸς
1327 1602 1372 1671 ἆ
1403 1614 1467 1673 A
1478 1610 1543 1673 Γ
1578 1606 1875 1693 γραμμᾶ,
1922 1609 2131 1695 μέσον
2174 1608 2249 1676 δὲ
2286 1606 2499 1688 αὐτᾶς

455 1718 621 1782 ἔστω
679 1712 757 1783 τὸ
806 1722 896 1798 Β,
954 1713 1068 1781 καὶ
1115 1711 1481 1802 κρεμάσθω
1526 1711 1693 1779 κατὰ
1738 1710 1815 1780 τὸ
1863 1720 1920 1781 Β
1970 1713 2071 1799 [τὸ
2121 1720 2326 1784 ΓΔΗ
2360 1719 2501 1801 τρί-

454 1825 729 1907 γωνον].
796 1817 870 1889 τὸ
919 1819 994 1887 δὲ
1028 1824 1244 1887 ΓΔΗ
1278 1823 1445 1886 ἔστω
1492 1822 1829 1905 τρίγωνον
1864 1815 2344 1905 ἀμβλυγώνιον
2382 1819 2501 1905 βά-

354 1934 420 1983 15
461 1946 572 1994 σιν
619 1926 744 2013 μὲν
790 1930 950 2013 ἔχον
993 1924 1121 1993 τὰν
1170 1930 1345 2009 ΔΗ,
1401 1921 1577 2005 ὕψος
1622 1923 1697 1991 δὲ
1742 1922 1869 1994 τὰν
1917 1932 2073 1993 ἴσαν
2120 1928 2372 1993 ἐοῦσαν
2416 1930 2500 2015 τᾷ

455 2030 729 2122 ἡμισείᾳ
772 2036 896 2100 τοῦ
944 2034 1169 2117 ζυγοῦ.
1239 2028 1353 2097 καὶ
1397 2029 1763 2116 κρεμάσθω
1802 2029 1879 2099 τὸ
1917 2039 1985 2098 Δ
1993 2037 2140 2099 ΓΗ
2164 2035 2500 2118 τρίγωνον

455 2140 528 2207 ἐκ
583 2142 721 2207 τῶν
766 2143 856 2222 Β,
903 2142 968 2205 Γ
1017 2140 1341 2222 σαμείων,
1397 2133 1473 2203 τὸ
1530 2135 1607 2203 δὲ
1664 2143 1719 2203 Ζ
1773 2142 2024 2225 χωρίον
2077 2138 2501 2224 κρεμάμενον
2628 2091 2635 2421 ι

451 2242 618 2311 κατὰ
676 2242 752 2312 τὸ
801 2251 867 2311 A
922 2240 1277 2330 ἰσορροπὲς
1320 2244 1489 2309 ἔστω
1533 2246 1629 2334 τῷ
1678 2249 1894 2312 ΓΔΗ
1928 2242 2238 2335 τριγώνῳ
2286 2242 2504 2324 οὕτως

1419 2389 1482 2450 Γ
1532 2353 1791 2436 ἔχοντι,
1880 2346 1969 2429 ὥς
2054 2353 2195 2417 νῦν.
2272 2356 2501 2417 κείται.
2632 2426 2634 2445 Ι

1536 2451 1785 2541 ὁμοίως
1832 2455 1915 2542 δὴ
1957 2458 2387 2543 δειχθησέται
2422 2455 2500 2524 τὸ

1534 2569 1590 2630 Ζ
1665 2568 1917 2650 χωρίον
1996 2566 2226 2649 τρίτον
2302 2563 2505 2651 μέρος
2632 2576 2634 2623 ἐ

1532 2672 1657 2736 τοῦ
1704 2674 1918 2736 ΓΔΗ
1952 2666 2308 2755 τριγώνου.

1666 2772 2030 2863 κρεμάσθω
2084 2772 2216 2860 γάρ
2275 2798 2339 2841 τι
2391 2776 2507 2841 καὶ

1534 2876 1701 2947 ἄλλο
1777 2886 2029 2967 χωρίον
2104 2883 2177 2948 ἐκ
2249 2886 2373 2949 τοῦ
2440 2892 2508 2950 A

355 2996 423 3047 25
459 2990 689 3073 τρίτον
735 2986 935 3075 μέρος
981 2983 1098 3053 ἐὸν
1143 2989 1268 3053 τοῦ
1299 2991 1496 3053 ΒΓΗ
1522 2985 1877 3074 τριγώνου.
1943 2986 2379 3077 ἰσορροπήσει
2421 2988 2506 3076 δὴ

460 3090 538 3159 τὸ
576 3097 787 3159 ΒΔΓ
815 3096 1150 3179 τρίγωνον
1186 3095 1278 3183 τῷ
1307 3098 1445 3160 ΖΛ.
1510 3091 1650 3159 ἐπεὶ
1690 3082 1818 3160 οὖν
1854 3092 1930 3160 τὸ
1970 3092 2093 3178 μὲν
2128 3100 2343 3161 ΒΓΗ
2370 3100 2509 3185 τρί-

605 3258 659 3308 2.
698 3266 1108 3337 ισορροπεωντι
1135 3251 1207 3318 Ἐς
1245 3268 1386 3306 οοιτ.
1422 3251 1718 3307 ΤοπεΙΙίιιε.
1855 3257 1904 3306 9.
1944 3247 2061 3323 ὅτι]
2101 3254 2279 3309 deleo.
2424 3262 2512 3309 10.

463 3343 552 3378 οτι
612 3339 715 3393 per
754 3338 936 3393 comp.
976 3319 1044 3388 Ἐς
1083 3292 1294 3391 buo’tuw
1331 3324 1628 3378 Torellius.
1734 3327 1819 3376 12.
1856 3342 2081 3409 γραμμη
2109 3324 2181 3392 Ἐς
2222 3342 2362 3379 corr.
2396 3326 2512 3381 To-

462 3410 524 3449 τε
592 3412 676 3449 us,
823 3412 1001 3461 αυτης
1037 3392 1108 3460 Ἐς
1160 3409 1297 3447 corr.
1336 3392 1629 3449 Torellius.
1775 3399 1858 3448 13.
1897 3390 1961 3449 τὸ
2004 3397 2171 3450 ΓΔΗ
2204 3398 2509 3479 τρίγωνον]

463 3465 642 3521 deleo,
828 3470 911 3518 15.
952 3482 1047 3533 εχο
1086 3479 1215 3517 eum
1251 3482 1432 3535 comp
1471 3484 1537 3520 ov
1574 3463 1634 3520 Ἐ.
1806 3460 1913 3518 τάν
1948 3470 1993 3519 Β
2008 3470 2063 3519 Γ
2092 3467 2227 3521 ἴσαν
2262 3466 2511 3523 Nimius.

466 3541 550 3593 17.
583 3554 828 3606 σημειων
857 3534 928 3602 Ἐς
967 3550 1106 3591 οοιτ.
1138 3535 1431 3593 Toranius,
1545 3540 1627 3591 18.
1669 3551 1994 3604 ισσορροπες
2028 3537 2090 3592 Ἐ.
2202 3539 2313 3611 τῷ]
2352 3558 2420 3593 το
2446 3538 2511 3594 F.
