<?xml version="1.0" encoding="UTF-8"?>
<!DOCTYPE html PUBLIC "-//W3C//DTD XHTML 1.0 Transitional//EN"
    "http://www.w3.org/TR/xhtml1/DTD/xhtml1-transitional.dtd">
<html xmlns="http://www.w3.org/1999/xhtml" xml:lang="en" lang="en">
 <head>
  <title>
</title>
<meta http-equiv="Content-Type" content="text/html;charset=utf-8" />
  <meta name='ocr-system' content='tesseract 3.04.00' />
  <meta name='ocr-capabilities' content='ocr_page ocr_carea ocr_par ocr_line ocrx_word'/>
</head>
<body>
  <div class='ocr_page' id='page_1' title='image "archimedisopera00heibgoog_0164.png"; bbox 0 0 2659 3967; ppageno 0'>
   <div class='ocr_carea' id='block_1_1' title="bbox 384 150 2275 216">
    <p class='ocr_par' dir='ltr' id='par_1_1' title="bbox 384 150 2275 216">
     <span class='ocr_line' id='line_1_1' title="bbox 384 150 2275 216; baseline 0.001 -10"><span class='ocrx_word' id='word_1_1' title='bbox 384 152 515 216; x_wconf 81' lang='grc'><strong><em>152</em></strong></span> <span class='ocrx_word' id='word_1_2' title='bbox 568 153 955 206; x_wconf 76' lang='grc' dir='ltr'><strong>ΕΠΙΠΕΔΩΝ</strong></span> <span class='ocrx_word' id='word_1_3' title='bbox 991 155 1225 208; x_wconf 89' lang='grc' dir='ltr'><strong>ΙΣΟΡΡ.</strong></span> <span class='ocrx_word' id='word_1_4' title='bbox 1259 155 1315 204; x_wconf 88' lang='grc' dir='ltr'>Η</span> <span class='ocrx_word' id='word_1_5' title='bbox 1351 154 1639 206; x_wconf 79' lang='grc' dir='ltr'><strong>ΚΕΝΤΡΑ</strong></span> <span class='ocrx_word' id='word_1_6' title='bbox 1672 154 1914 206; x_wconf 79' lang='grc' dir='ltr'>ΒΑΡΩΝ</span> <span class='ocrx_word' id='word_1_7' title='bbox 1949 156 2158 208; x_wconf 89' lang='grc' dir='ltr'><strong>ΕΙΠΠ.</strong></span> <span class='ocrx_word' id='word_1_8' title='bbox 2193 150 2275 208; x_wconf 79' lang='lat' dir='ltr'><strong><em>A&#39;.</em></strong></span> 
     </span>
    </p>
   </div>
   <div class='ocr_carea' id='block_1_2' title="bbox 374 308 2432 614">
    <p class='ocr_par' dir='ltr' id='par_1_2' title="bbox 374 308 2432 614">
     <span class='ocr_line' id='line_1_2' title="bbox 1160 308 1638 370; baseline 0.006 -4"><span class='ocrx_word' id='word_1_9' title='bbox 1160 315 1496 366; x_wconf 76' lang='grc' dir='ltr'><strong>ΠΟΡῙΣΜΑ</strong></span> <span class='ocrx_word' id='word_1_10' title='bbox 1529 308 1638 370; x_wconf 81' lang='grc' dir='ltr'><strong><em>Β’.’</em></strong></span> 
     </span>
     <span class='ocr_line' id='line_1_3' title="bbox 555 417 2432 510; baseline 0.001 -22"><span class='ocrx_word' id='word_1_11' title='bbox 555 426 652 488; x_wconf 73' lang='grc' dir='ltr'><strong><em>Εἴ</em></strong></span> <span class='ocrx_word' id='word_1_12' title='bbox 698 445 786 486; x_wconf 88' lang='grc' dir='ltr'><strong><em>κα</em></strong></span> <span class='ocrx_word' id='word_1_13' title='bbox 842 418 958 489; x_wconf 83' lang='grc' dir='ltr'><strong><em>καὶ</em></strong></span> <span class='ocrx_word' id='word_1_14' title='bbox 1010 417 1208 507; x_wconf 72' lang='grc' dir='ltr'><strong><em>ἄρτια</em></strong></span> <span class='ocrx_word' id='word_1_15' title='bbox 1264 424 1464 488; x_wconf 81' lang='grc' dir='ltr'><strong><em>ἔωντι</em></strong></span> <span class='ocrx_word' id='word_1_16' title='bbox 1515 422 1608 510; x_wconf 76' lang='grc' dir='ltr'><strong><em>τῷ</em></strong></span> <span class='ocrx_word' id='word_1_17' title='bbox 1665 418 1912 506; x_wconf 80' lang='grc' dir='ltr'><strong><em>πλήθει</em></strong></span> <span class='ocrx_word' id='word_1_18' title='bbox 1963 418 2048 486; x_wconf 81' lang='grc' dir='ltr'><strong><em>τὰ</em></strong></span> <span class='ocrx_word' id='word_1_19' title='bbox 2104 421 2432 507; x_wconf 75' lang='grc' dir='ltr'><strong><em>μεγέθεα,</em></strong></span> 
     </span>
     <span class='ocr_line' id='line_1_4' title="bbox 374 523 2432 614; baseline 0.001 -20"><span class='ocrx_word' id='word_1_20' title='bbox 374 525 489 594; x_wconf 83' lang='grc' dir='ltr'><strong><em>καὶ</em></strong></span> <span class='ocrx_word' id='word_1_21' title='bbox 540 524 623 597; x_wconf 79' lang='grc' dir='ltr'><strong><em>τὰ</em></strong></span> <span class='ocrx_word' id='word_1_22' title='bbox 674 527 921 612; x_wconf 79' lang='grc' dir='ltr'><strong><em>κέντρα</em></strong></span> <span class='ocrx_word' id='word_1_23' title='bbox 974 529 1098 594; x_wconf 83' lang='grc' dir='ltr'><strong><em>τοῦ</em></strong></span> <span class='ocrx_word' id='word_1_24' title='bbox 1152 525 1398 614; x_wconf 80' lang='grc' dir='ltr'><strong><em>βάρεος</em></strong></span> <span class='ocrx_word' id='word_1_25' title='bbox 1451 523 1680 594; x_wconf 77' lang='grc' dir='ltr'><strong><em>αὐτῶν</em></strong></span> <span class='ocrx_word' id='word_1_26' title='bbox 1736 523 1837 594; x_wconf 79' lang='grc' dir='ltr'><strong><em>ἐπ’</em></strong></span> <span class='ocrx_word' id='word_1_27' title='bbox 1898 523 2172 606; x_wconf 78' lang='grc' dir='ltr'><strong><em>εὐθείας</em></strong></span> <span class='ocrx_word' id='word_1_28' title='bbox 2217 532 2432 596; x_wconf 63' lang='lat' dir='ltr'><strong><em>Sme-</em></strong></span> 
     </span>
    </p>
   </div>
   <div class='ocr_carea' id='block_1_3' title="bbox 992 678 2101 1202">
    <p class='ocr_par' dir='ltr' id='par_1_3' title="bbox 992 678 2101 1202">
     <span class='ocr_line' id='line_1_5' title="bbox 992 678 2101 1202; baseline 0.002 -250"><span class='ocrx_word' id='word_1_29' title='bbox 992 678 999 930; x_wconf 58' lang='grc' dir='ltr'>ι</span> <span class='ocrx_word' id='word_1_30' title='bbox 1119 905 2026 1202; x_wconf 44' lang='grc' dir='ltr'><strong><em>--ῡ-ι-ι-ή---ᾼῘ-</em></strong></span> <span class='ocrx_word' id='word_1_31' title='bbox 2037 918 2101 954; x_wconf 79' lang='grc' dir='ltr'><strong><em>-ι</em></strong></span> 
     </span>
    </p>
   </div>
   <div class='ocr_carea' id='block_1_4' title="bbox 304 1252 2427 1876">
    <p class='ocr_par' dir='ltr' id='par_1_4' title="bbox 304 1252 2427 1876">
     <span class='ocr_line' id='line_1_6' title="bbox 375 1252 2420 1344; baseline 0.001 -25"><span class='ocrx_word' id='word_1_32' title='bbox 375 1256 693 1341; x_wconf 85' lang='grc' dir='ltr'><strong><em>κείμενα,..</em></strong></span> <span class='ocrx_word' id='word_1_33' title='bbox 709 1255 827 1321; x_wconf 84' lang='grc' dir='ltr'><strong><em>καὶ</em></strong></span> <span class='ocrx_word' id='word_1_34' title='bbox 871 1255 954 1344; x_wconf 78' lang='grc' dir='ltr'><strong><em>τὰ</em></strong></span> <span class='ocrx_word' id='word_1_35' title='bbox 1002 1257 1170 1342; x_wconf 83' lang='grc' dir='ltr'><strong><em>μέσα</em></strong></span> <span class='ocrx_word' id='word_1_36' title='bbox 1216 1253 1443 1324; x_wconf 76' lang='grc' dir='ltr'><strong><em>αὐτῶν</em></strong></span> <span class='ocrx_word' id='word_1_37' title='bbox 1490 1255 1604 1323; x_wconf 83' lang='grc' dir='ltr'><strong><em>καὶ.</em></strong></span> <span class='ocrx_word' id='word_1_38' title='bbox 1647 1254 1728 1325; x_wconf 76' lang='grc' dir='ltr'><strong><em>τὰ</em></strong></span> <span class='ocrx_word' id='word_1_39' title='bbox 1775 1263 1889 1322; x_wconf 77' lang='grc' dir='ltr'><strong><em>ἴσα</em></strong></span> <span class='ocrx_word' id='word_1_40' title='bbox 1925 1252 2258 1342; x_wconf 82' lang='grc' dir='ltr'><strong><em>ἀπέχοντα</em></strong></span> <span class='ocrx_word' id='word_1_41' title='bbox 2293 1252 2420 1332; x_wconf 69' lang='grc' dir='ltr'><strong><em>ἀπ’</em></strong></span> 
     </span>
     <span class='ocr_line' id='line_1_7' title="bbox 304 1357 2427 1450; baseline 0 -23"><span class='ocrx_word' id='word_1_42' title='bbox 304 1387 341 1436; x_wconf 80' lang='lat'>5</span> <span class='ocrx_word' id='word_1_43' title='bbox 377 1357 603 1428; x_wconf 73' lang='grc' dir='ltr'><strong><em>αὐτῶν</em></strong></span> <span class='ocrx_word' id='word_1_44' title='bbox 650 1367 804 1427; x_wconf 75' lang='grc' dir='ltr'><strong><em>ἴσον</em></strong></span> <span class='ocrx_word' id='word_1_45' title='bbox 850 1360 1060 1450; x_wconf 78' lang='grc' dir='ltr'><strong><em>βάρος</em></strong></span> <span class='ocrx_word' id='word_1_46' title='bbox 1097 1367 1359 1450; x_wconf 80' lang='grc' dir='ltr'><strong><em>ἔχωντι,</em></strong></span> <span class='ocrx_word' id='word_1_47' title='bbox 1403 1360 1515 1428; x_wconf 84' lang='grc' dir='ltr'><strong><em>καὶ</em></strong></span> <span class='ocrx_word' id='word_1_48' title='bbox 1553 1364 1630 1428; x_wconf 79' lang='grc' dir='ltr'><strong><em>αἱ</em></strong></span> <span class='ocrx_word' id='word_1_49' title='bbox 1663 1359 1905 1447; x_wconf 79' lang='grc' dir='ltr'><strong><em>μεταξὺ</em></strong></span> <span class='ocrx_word' id='word_1_50' title='bbox 1942 1364 2080 1429; x_wconf 74' lang='grc' dir='ltr'><strong><em>τῶν</em></strong></span> <span class='ocrx_word' id='word_1_51' title='bbox 2115 1361 2427 1449; x_wconf 76' lang='grc' dir='ltr'><strong><em>κέντρων</em></strong></span> 
     </span>
     <span class='ocr_line' id='line_1_8' title="bbox 339 1463 2424 1555; baseline 0 -21"><span class='ocrx_word' id='word_1_52' title='bbox 339 1463 644 1542; x_wconf 77' lang='grc' dir='ltr'><strong><em>,εὐθείαι</em></strong></span> <span class='ocrx_word' id='word_1_53' title='bbox 706 1476 847 1536; x_wconf 71' lang='grc' dir='ltr'><strong><em>ἴσαι</em></strong></span> <span class='ocrx_word' id='word_1_54' title='bbox 910 1473 1135 1555; x_wconf 81' lang='grc' dir='ltr'><strong><em>ἔωντι,</em></strong></span> <span class='ocrx_word' id='word_1_55' title='bbox 1208 1472 1332 1538; x_wconf 84' lang='grc' dir='ltr'><strong><em>τοῦ</em></strong></span> <span class='ocrx_word' id='word_1_56' title='bbox 1397 1471 1469 1538; x_wconf 84' lang='grc' dir='ltr'><strong><em>ἐκ</em></strong></span> <span class='ocrx_word' id='word_1_57' title='bbox 1532 1467 1805 1546; x_wconf 77' lang='grc' dir='ltr'><strong><em>πάντων</em></strong></span> <span class='ocrx_word' id='word_1_58' title='bbox 1868 1471 2006 1536; x_wconf 76' lang='grc' dir='ltr'><strong><em>τῶν</em></strong></span> <span class='ocrx_word' id='word_1_59' title='bbox 2067 1469 2424 1554; x_wconf 66' lang='grc' dir='ltr'><strong><em>μεγεθέων</em></strong></span> 
     </span>
     <span class='ocr_line' id='line_1_9' title="bbox 376 1572 2420 1663; baseline 0.001 -23"><span class='ocrx_word' id='word_1_60' title='bbox 376 1575 819 1661; x_wconf 81' lang='grc' dir='ltr'><strong><em>συγκειμένου</em></strong></span> <span class='ocrx_word' id='word_1_61' title='bbox 863 1576 1183 1661; x_wconf 76' lang='grc' dir='ltr'><strong><em>μεγέθεος</em></strong></span> <span class='ocrx_word' id='word_1_62' title='bbox 1224 1575 1509 1663; x_wconf 82' lang='grc' dir='ltr'><strong><em>κέντρον</em></strong></span> <span class='ocrx_word' id='word_1_63' title='bbox 1557 1577 1845 1642; x_wconf 85' lang='grc' dir='ltr'><strong><em>ε’σσείται</em></strong></span> <span class='ocrx_word' id='word_1_64' title='bbox 1888 1576 2012 1652; x_wconf 68' lang='grc' dir='ltr'><strong><em>τοῦ</em></strong></span> <span class='ocrx_word' id='word_1_65' title='bbox 2057 1573 2310 1661; x_wconf 77' lang='grc' dir='ltr'><strong><em>βάρεος</em></strong></span> <span class='ocrx_word' id='word_1_66' title='bbox 2335 1572 2420 1642; x_wconf 83' lang='grc' dir='ltr'><strong><em>τὸ</em></strong></span> 
     </span>
     <span class='ocr_line' id='line_1_10' title="bbox 377 1678 2422 1768; baseline 0 -21"><span class='ocrx_word' id='word_1_67' title='bbox 377 1679 584 1766; x_wconf 82' lang='grc' dir='ltr'><strong><em>μέσον</em></strong></span> <span class='ocrx_word' id='word_1_68' title='bbox 633 1684 748 1762; x_wconf 75' lang='grc' dir='ltr'><strong><em>τᾶς</em></strong></span> <span class='ocrx_word' id='word_1_69' title='bbox 794 1679 1067 1762; x_wconf 76' lang='grc' dir='ltr'><strong><em>εὐθείας</em></strong></span> <span class='ocrx_word' id='word_1_70' title='bbox 1110 1684 1228 1762; x_wconf 80' lang='grc' dir='ltr'><strong><em>τᾶς</em></strong></span> <span class='ocrx_word' id='word_1_71' title='bbox 1274 1682 1832 1768; x_wconf 77' lang='grc' dir='ltr'><strong><em>ἐπιζευγνυούσας</em></strong></span> <span class='ocrx_word' id='word_1_72' title='bbox 1875 1678 1958 1746; x_wconf 79' lang='grc' dir='ltr'><strong><em>τὰ</em></strong></span> <span class='ocrx_word' id='word_1_73' title='bbox 2003 1683 2245 1768; x_wconf 82' lang='grc' dir='ltr'><strong><em>κέντρα</em></strong></span> <span class='ocrx_word' id='word_1_74' title='bbox 2289 1683 2422 1748; x_wconf 77' lang='grc' dir='ltr'><strong><em>τοῦ</em></strong></span> 
     </span>
     <span class='ocr_line' id='line_1_11' title="bbox 376 1785 1912 1876; baseline -0.001 -22"><span class='ocrx_word' id='word_1_75' title='bbox 376 1785 619 1875; x_wconf 80' lang='grc' dir='ltr'><strong><em>βάρεος</em></strong></span> <span class='ocrx_word' id='word_1_76' title='bbox 661 1791 800 1856; x_wconf 77' lang='grc' dir='ltr'><strong><em>τῶν</em></strong></span> <span class='ocrx_word' id='word_1_77' title='bbox 846 1789 1211 1875; x_wconf 77' lang='grc' dir='ltr'><strong><em>μεγεθέων,</em></strong></span> <span class='ocrx_word' id='word_1_78' title='bbox 1259 1785 1350 1868; x_wconf 76' lang='grc' dir='ltr'><strong><em>ὥς</em></strong></span> <span class='ocrx_word' id='word_1_79' title='bbox 1395 1785 1912 1876; x_wconf 70' lang='grc' dir='ltr'><strong><em>ὑπογεγράπται.</em></strong></span> 
     </span>
    </p>
   </div>
   <div class='ocr_carea' id='block_1_5' title="bbox 1543 679 1552 926">
    <p class='ocr_par' dir='ltr' id='par_1_5' title="bbox 1543 679 1552 926">
     <span class='ocr_line' id='line_1_12' title="bbox 1543 679 1552 926; baseline 0 3041"><span class='ocrx_word' id='word_1_80' title='bbox 1543 679 1552 926; x_wconf 95' lang='lat' dir='ltr'><strong><em> </em></strong></span> 
     </span>
    </p>
   </div>
   <div class='ocr_carea' id='block_1_6' title="bbox 1913 671 1920 932">
    <p class='ocr_par' dir='ltr' id='par_1_6' title="bbox 1913 671 1920 932">
     <span class='ocr_line' id='line_1_13' title="bbox 1913 671 1920 932; baseline 0 3035"><span class='ocrx_word' id='word_1_81' title='bbox 1913 671 1920 932; x_wconf 95' lang='lat' dir='ltr'><strong><em> </em></strong></span> 
     </span>
    </p>
   </div>
   <div class='ocr_carea' id='block_1_7' title="bbox 620 665 1251 1206">
    <p class='ocr_par' dir='ltr' id='par_1_7' title="bbox 620 665 1251 1206">
     <span class='ocr_line' id='line_1_14' title="bbox 620 665 1251 1206; baseline 0 2761"><span class='ocrx_word' id='word_1_82' title='bbox 620 665 1251 1206; x_wconf 95' lang='lat' dir='ltr'><strong><em> </em></strong></span> 
     </span>
    </p>
   </div>
   <div class='ocr_carea' id='block_1_8' title="bbox 1543 943 1550 1192">
    <p class='ocr_par' dir='ltr' id='par_1_8' title="bbox 1543 943 1550 1192">
     <span class='ocr_line' id='line_1_15' title="bbox 1543 943 1550 1192; baseline 0 2775"><span class='ocrx_word' id='word_1_83' title='bbox 1543 943 1550 1192; x_wconf 95' lang='lat' dir='ltr'><strong><em> </em></strong></span> 
     </span>
    </p>
   </div>
   <div class='ocr_carea' id='block_1_9' title="bbox 266 1982 2428 3261">
    <p class='ocr_par' dir='ltr' id='par_1_9' title="bbox 266 1982 2428 3261">
     <span class='ocr_line' id='line_1_16' title="bbox 273 1982 1438 2058; baseline -0.005 -2"><span class='ocrx_word' id='word_1_84' title='bbox 273 2009 340 2058; x_wconf 87' lang='lat'><strong><em>10</em></strong></span> <span class='ocrx_word' id='word_1_85' title='bbox 460 2049 469 2056; x_wconf 90' lang='lat'><strong>.</strong></span> <span class='ocrx_word' id='word_1_86' title='bbox 1018 2046 1023 2052; x_wconf 90' lang='lat'>.</span> <span class='ocrx_word' id='word_1_87' title='bbox 1355 1982 1438 2054; x_wconf 82' lang='grc' dir='ltr'><strong><em>ς’.</em></strong></span> 
     </span>
     <span class='ocr_line' id='line_1_17' title="bbox 332 2095 2423 2196; baseline 0 -23"><span class='ocrx_word' id='word_1_88' title='bbox 332 2095 343 2101; x_wconf 56' lang='grc'><em>“</em></span> <span class='ocrx_word' id='word_1_89' title='bbox 521 2104 615 2173; x_wconf 82' lang='grc' dir='ltr'><strong><em>Τὰ</em></strong></span> <span class='ocrx_word' id='word_1_90' title='bbox 682 2097 1024 2196; x_wconf 79' lang='grc' dir='ltr'><strong><em>σύμμετρα</em></strong></span> <span class='ocrx_word' id='word_1_91' title='bbox 1088 2109 1378 2193; x_wconf 80' lang='grc' dir='ltr'><strong><em>μεγέθεα</em></strong></span> <span class='ocrx_word' id='word_1_92' title='bbox 1441 2108 1905 2195; x_wconf 83' lang='grc' dir='ltr'><strong><em>ἰσορροπέοντι</em></strong></span> <span class='ocrx_word' id='word_1_93' title='bbox 1960 2105 2091 2174; x_wconf 83' lang='grc' dir='ltr'><strong><em>ἀπὸ</em></strong></span> <span class='ocrx_word' id='word_1_94' title='bbox 2149 2107 2423 2194; x_wconf 85' lang='grc' dir='ltr'><strong><em>μακέων</em></strong></span> 
     </span>
     <span class='ocr_line' id='line_1_18' title="bbox 378 2207 2420 2308; baseline 0.001 -30"><span class='ocrx_word' id='word_1_95' title='bbox 378 2208 969 2308; x_wconf 70' lang='grc' dir='ltr'><strong><em>ἀντιπεπονθότῳς</em></strong></span> <span class='ocrx_word' id='word_1_96' title='bbox 1020 2211 1144 2280; x_wconf 84' lang='grc' dir='ltr'><strong><em>τὸν</em></strong></span> <span class='ocrx_word' id='word_1_97' title='bbox 1201 2207 1417 2281; x_wconf 81' lang='grc' dir='ltr'><strong><em>αὐτὸν</em></strong></span> <span class='ocrx_word' id='word_1_98' title='bbox 1474 2212 1683 2300; x_wconf 79' lang='grc' dir='ltr'><strong><em>λόγον</em></strong></span> <span class='ocrx_word' id='word_1_99' title='bbox 1752 2212 2047 2300; x_wconf 81' lang='grc' dir='ltr'><strong><em>ἐχόντων</em></strong></span> <span class='ocrx_word' id='word_1_100' title='bbox 2111 2226 2253 2298; x_wconf 73' lang='grc' dir='ltr'><strong><em>τοῖς</em></strong></span> <span class='ocrx_word' id='word_1_101' title='bbox 2298 2210 2420 2299; x_wconf 83' lang='grc' dir='ltr'><strong><em>βά-</em></strong></span> 
     </span>
     <span class='ocr_line' id='line_1_19' title="bbox 379 2337 605 2408; baseline 0.009 -24"><span class='ocrx_word' id='word_1_102' title='bbox 379 2337 605 2408; x_wconf 71' lang='grc' dir='ltr'><strong><em>ρεσιν.ι</em></strong></span> 
     </span>
     <span class='ocr_line' id='line_1_20' title="bbox 513 2415 2422 2514; baseline -0.001 -22"><span class='ocrx_word' id='word_1_103' title='bbox 513 2429 679 2505; x_wconf 72' lang='grc' dir='ltr'><strong><em>ἔστοο</em></strong></span> <span class='ocrx_word' id='word_1_104' title='bbox 736 2415 1081 2514; x_wconf 71' lang='grc' dir='ltr'><strong><em>σύμμετρα</em></strong></span> <span class='ocrx_word' id='word_1_105' title='bbox 1134 2428 1424 2512; x_wconf 79' lang='grc' dir='ltr'><strong><em>μεγέθεα</em></strong></span> <span class='ocrx_word' id='word_1_106' title='bbox 1478 2423 1558 2492; x_wconf 77' lang='grc' dir='ltr'><strong><em>τὰ</em></strong></span> <span class='ocrx_word' id='word_1_107' title='bbox 1604 2434 1698 2509; x_wconf 99' lang='lat' dir='ltr'><strong><em>A,</em></strong></span> <span class='ocrx_word' id='word_1_108' title='bbox 1745 2432 1832 2510; x_wconf 87' lang='grc' dir='ltr'><strong><em>Β,</em></strong></span> <span class='ocrx_word' id='word_1_109' title='bbox 1892 2415 1989 2493; x_wconf 68' lang='grc' dir='ltr'><strong><em>ὧν</em></strong></span> <span class='ocrx_word' id='word_1_110' title='bbox 2045 2425 2289 2513; x_wconf 82' lang='grc' dir='ltr'><strong><em>κέντρα</em></strong></span> <span class='ocrx_word' id='word_1_111' title='bbox 2333 2421 2422 2492; x_wconf 76' lang='grc' dir='ltr'><strong><em>τὰ</em></strong></span> 
     </span>
     <span class='ocr_line' id='line_1_21' title="bbox 272 2519 2418 2618; baseline 0 -22"><span class='ocrx_word' id='word_1_112' title='bbox 272 2557 339 2606; x_wconf 84' lang='lat'><strong><em>15</em></strong></span> <span class='ocrx_word' id='word_1_113' title='bbox 378 2538 464 2616; x_wconf 88' lang='lat' dir='ltr'><strong><em>A,</em></strong></span> <span class='ocrx_word' id='word_1_114' title='bbox 511 2537 597 2597; x_wconf 90' lang='lat' dir='ltr'><strong><em>B·</em></strong></span> <span class='ocrx_word' id='word_1_115' title='bbox 668 2519 781 2598; x_wconf 85' lang='grc' dir='ltr'><strong><em>καὶ</em></strong></span> <span class='ocrx_word' id='word_1_116' title='bbox 825 2534 1035 2618; x_wconf 79' lang='grc' dir='ltr'><strong><em>μᾶκος</em></strong></span> <span class='ocrx_word' id='word_1_117' title='bbox 1081 2537 1247 2600; x_wconf 84' lang='grc' dir='ltr'><strong><em>ἔστω</em></strong></span> <span class='ocrx_word' id='word_1_118' title='bbox 1286 2558 1357 2610; x_wconf 64' lang='grc' dir='ltr'><strong><em>,τι</em></strong></span> <span class='ocrx_word' id='word_1_119' title='bbox 1403 2529 1478 2600; x_wconf 89' lang='grc' dir='ltr'><strong><em>τὸ</em></strong></span> <span class='ocrx_word' id='word_1_120' title='bbox 1529 2539 1687 2616; x_wconf 90' lang='grc' dir='ltr'><strong><em>ΕΔ,</em></strong></span> <span class='ocrx_word' id='word_1_121' title='bbox 1731 2530 1844 2597; x_wconf 85' lang='grc' dir='ltr'><strong><em>καὶ</em></strong></span> <span class='ocrx_word' id='word_1_122' title='bbox 1893 2527 1983 2612; x_wconf 76' lang='grc' dir='ltr'><strong><em>ὥς</em></strong></span> <span class='ocrx_word' id='word_1_123' title='bbox 2026 2529 2104 2602; x_wconf 85' lang='grc' dir='ltr'><strong><em>τὸ</em></strong></span> <span class='ocrx_word' id='word_1_124' title='bbox 2152 2541 2217 2602; x_wconf 88' lang='grc' dir='ltr'><em>Α</em></span> <span class='ocrx_word' id='word_1_125' title='bbox 2262 2532 2418 2603; x_wconf 78' lang='grc' dir='ltr'><strong><em>ποτὶ</em></strong></span> 
     </span>
     <span class='ocr_line' id='line_1_22' title="bbox 374 2632 2421 2727; baseline 0.001 -24"><span class='ocrx_word' id='word_1_126' title='bbox 374 2635 451 2705; x_wconf 91' lang='grc' dir='ltr'><strong><em>τὸ</em></strong></span> <span class='ocrx_word' id='word_1_127' title='bbox 501 2644 583 2724; x_wconf 91' lang='grc' dir='ltr'><strong><em>Β,</em></strong></span> <span class='ocrx_word' id='word_1_128' title='bbox 622 2632 846 2719; x_wconf 74' lang='grc' dir='ltr'><strong><em>οὕτως</em></strong></span> <span class='ocrx_word' id='word_1_129' title='bbox 890 2636 966 2707; x_wconf 91' lang='grc' dir='ltr'><strong><em>τὸ</em></strong></span> <span class='ocrx_word' id='word_1_130' title='bbox 1017 2644 1159 2706; x_wconf 90' lang='grc' dir='ltr'><strong><em>ΔΓ</em></strong></span> <span class='ocrx_word' id='word_1_131' title='bbox 1195 2643 1404 2727; x_wconf 80' lang='grc' dir='ltr'><strong><em>μᾶκος</em></strong></span> <span class='ocrx_word' id='word_1_132' title='bbox 1447 2638 1600 2707; x_wconf 86' lang='grc' dir='ltr'><strong><em>ποτὶ</em></strong></span> <span class='ocrx_word' id='word_1_133' title='bbox 1647 2635 1721 2706; x_wconf 86' lang='grc' dir='ltr'><strong><em>τὸ</em></strong></span> <span class='ocrx_word' id='word_1_134' title='bbox 1769 2643 1901 2706; x_wconf 89' lang='grc' dir='ltr'><strong><em>ΓΕ</em></strong></span> <span class='ocrx_word' id='word_1_135' title='bbox 1942 2641 2178 2725; x_wconf 79' lang='grc' dir='ltr'><strong><em>μᾶκος·</em></strong></span> <span class='ocrx_word' id='word_1_136' title='bbox 2245 2641 2421 2706; x_wconf 78' lang='grc' dir='ltr'><strong><em>δεικ-</em></strong></span> 
     </span>
     <span class='ocr_line' id='line_1_23' title="bbox 374 2729 2424 2832; baseline 0 -22"><span class='ocrx_word' id='word_1_137' title='bbox 374 2744 561 2830; x_wconf 85' lang='grc' dir='ltr'><strong><em>τέον,</em></strong></span> <span class='ocrx_word' id='word_1_138' title='bbox 619 2742 723 2813; x_wconf 82' lang='grc' dir='ltr'><strong><em>ὅτι</em></strong></span> <span class='ocrx_word' id='word_1_139' title='bbox 778 2748 901 2814; x_wconf 84' lang='grc' dir='ltr'><strong><em>τοῦ</em></strong></span> <span class='ocrx_word' id='word_1_140' title='bbox 957 2747 1024 2825; x_wconf 82' lang='grc' dir='ltr'><strong><em>ἐξ</em></strong></span> <span class='ocrx_word' id='word_1_141' title='bbox 1078 2741 1479 2832; x_wconf 75' lang='grc' dir='ltr'><strong><em>ἀμφοτέρων</em></strong></span> <span class='ocrx_word' id='word_1_142' title='bbox 1535 2748 1678 2813; x_wconf 76' lang='grc' dir='ltr'><strong><em>τῶν</em></strong></span> <span class='ocrx_word' id='word_1_143' title='bbox 1725 2753 1824 2830; x_wconf 89' lang='grc' dir='ltr'><strong><em>Α,</em></strong></span> <span class='ocrx_word' id='word_1_144' title='bbox 1871 2751 1927 2811; x_wconf 91' lang='grc' dir='ltr'><strong><em>Β</em></strong></span> <span class='ocrx_word' id='word_1_145' title='bbox 1977 2729 2424 2831; x_wconf 78' lang='grc' dir='ltr'><strong><em>συγκειμένου</em></strong></span> 
     </span>
     <span class='ocr_line' id='line_1_24' title="bbox 376 2849 2236 2939; baseline 0.001 -23"><span class='ocrx_word' id='word_1_146' title='bbox 376 2851 699 2936; x_wconf 78' lang='grc' dir='ltr'><strong><em>μεγέθεος</em></strong></span> <span class='ocrx_word' id='word_1_147' title='bbox 745 2851 1026 2939; x_wconf 87' lang='grc' dir='ltr'><strong><em>κέντρον</em></strong></span> <span class='ocrx_word' id='word_1_148' title='bbox 1073 2851 1211 2918; x_wconf 81' lang='grc' dir='ltr'><strong><em>ἐστὶ</em></strong></span> <span class='ocrx_word' id='word_1_149' title='bbox 1255 2855 1379 2918; x_wconf 87' lang='grc' dir='ltr'><strong><em>τοῦ</em></strong></span> <span class='ocrx_word' id='word_1_150' title='bbox 1426 2849 1670 2939; x_wconf 74' lang='grc' dir='ltr'><strong><em>βάρεος</em></strong></span> <span class='ocrx_word' id='word_1_151' title='bbox 1714 2849 1790 2919; x_wconf 92' lang='grc' dir='ltr'><strong><em>τὸ</em></strong></span> <span class='ocrx_word' id='word_1_152' title='bbox 1842 2855 1914 2918; x_wconf 92' lang='grc' dir='ltr'><strong><em>Γ.</em></strong></span> <span class='ocrx_word' id='word_1_153' title='bbox 2229 2921 2236 2930; x_wconf 72' lang='grc'>,</span> 
     </span>
     <span class='ocr_line' id='line_1_25' title="bbox 513 2953 2428 3044; baseline 0 -20"><span class='ocrx_word' id='word_1_154' title='bbox 513 2955 653 3024; x_wconf 82' lang='grc' dir='ltr'><strong><em>ἐπεὶ</em></strong></span> <span class='ocrx_word' id='word_1_155' title='bbox 724 2955 854 3044; x_wconf 72' lang='grc' dir='ltr'><strong><em>γάρ</em></strong></span> <span class='ocrx_word' id='word_1_156' title='bbox 930 2958 1110 3025; x_wconf 83' lang='grc' dir='ltr'><strong><em>ἐστιν</em></strong></span> <span class='ocrx_word' id='word_1_157' title='bbox 1184 2953 1274 3036; x_wconf 77' lang='grc' dir='ltr'><strong><em>ὥς</em></strong></span> <span class='ocrx_word' id='word_1_158' title='bbox 1347 2953 1421 3025; x_wconf 81' lang='grc' dir='ltr'><strong><em>τὸ</em></strong></span> <span class='ocrx_word' id='word_1_159' title='bbox 1500 2965 1565 3024; x_wconf 99' lang='lat' dir='ltr'><em>A</em></span> <span class='ocrx_word' id='word_1_160' title='bbox 1643 2955 1796 3024; x_wconf 80' lang='grc' dir='ltr'><strong><em>ποτὶ</em></strong></span> <span class='ocrx_word' id='word_1_161' title='bbox 1849 2954 1945 3024; x_wconf 77' lang='grc' dir='ltr'><strong><em>τὸ</em></strong></span> <span class='ocrx_word' id='word_1_162' title='bbox 2022 2962 2118 3042; x_wconf 89' lang='grc' dir='ltr'><strong><em>Β,</em></strong></span> <span class='ocrx_word' id='word_1_163' title='bbox 2203 2953 2428 3036; x_wconf 81' lang='grc' dir='ltr'><strong><em>οὕτως</em></strong></span> 
     </span>
     <span class='ocr_line' id='line_1_26' title="bbox 266 3059 2424 3154; baseline 0 -24"><span class='ocrx_word' id='word_1_164' title='bbox 266 3089 341 3140; x_wconf 76' lang='lat'><strong><em>20</em></strong></span> <span class='ocrx_word' id='word_1_165' title='bbox 375 3059 453 3130; x_wconf 85' lang='grc' dir='ltr'><strong><em>τὸ</em></strong></span> <span class='ocrx_word' id='word_1_166' title='bbox 521 3068 665 3129; x_wconf 92' lang='grc' dir='ltr'><strong><em>ΔΓ</em></strong></span> <span class='ocrx_word' id='word_1_167' title='bbox 732 3062 885 3130; x_wconf 84' lang='grc' dir='ltr'><strong><em>ποτὶ</em></strong></span> <span class='ocrx_word' id='word_1_168' title='bbox 947 3062 1024 3131; x_wconf 86' lang='grc' dir='ltr'><strong><em>τὸ</em></strong></span> <span class='ocrx_word' id='word_1_169' title='bbox 1091 3069 1246 3148; x_wconf 88' lang='grc' dir='ltr'><strong><em>ΓΕ,</em></strong></span> <span class='ocrx_word' id='word_1_170' title='bbox 1312 3061 1389 3131; x_wconf 92' lang='grc' dir='ltr'><strong><em>τὸ</em></strong></span> <span class='ocrx_word' id='word_1_171' title='bbox 1458 3061 1534 3131; x_wconf 74' lang='grc' dir='ltr'><strong><em>δὲ</em></strong></span> <span class='ocrx_word' id='word_1_172' title='bbox 1598 3070 1667 3130; x_wconf 88' lang='lat' dir='ltr'><em>A</em></span> <span class='ocrx_word' id='word_1_173' title='bbox 1726 3065 1820 3154; x_wconf 76' lang='grc' dir='ltr'><strong><em>τῷ</em></strong></span> <span class='ocrx_word' id='word_1_174' title='bbox 1884 3068 1943 3128; x_wconf 94' lang='grc' dir='ltr'>Β</span> <span class='ocrx_word' id='word_1_175' title='bbox 2011 3061 2424 3150; x_wconf 80' lang='grc' dir='ltr'><strong><em>σύμμετρον,</em></strong></span> 
     </span>
     <span class='ocr_line' id='line_1_27' title="bbox 377 3165 2419 3261; baseline 0 -25"><span class='ocrx_word' id='word_1_176' title='bbox 377 3168 490 3236; x_wconf 80' lang='grc' dir='ltr'><strong><em>καὶ</em></strong></span> <span class='ocrx_word' id='word_1_177' title='bbox 536 3166 613 3237; x_wconf 88' lang='grc' dir='ltr'><strong><em>τὸ</em></strong></span> <span class='ocrx_word' id='word_1_178' title='bbox 661 3174 788 3236; x_wconf 91' lang='grc' dir='ltr'><strong><em>ΓΔ</em></strong></span> <span class='ocrx_word' id='word_1_179' title='bbox 832 3167 963 3258; x_wconf 77' lang='grc' dir='ltr'><strong><em>ἄρα</em></strong></span> <span class='ocrx_word' id='word_1_180' title='bbox 1009 3173 1100 3261; x_wconf 77' lang='grc' dir='ltr'><strong><em>τῷ</em></strong></span> <span class='ocrx_word' id='word_1_181' title='bbox 1148 3175 1280 3236; x_wconf 91' lang='grc' dir='ltr'><strong><em>ΓΕ</em></strong></span> <span class='ocrx_word' id='word_1_182' title='bbox 1321 3170 1731 3257; x_wconf 81' lang='grc' dir='ltr'><strong><em>σύμμετρον,</em></strong></span> <span class='ocrx_word' id='word_1_183' title='bbox 1789 3167 2132 3236; x_wconf 88' lang='grc' dir='ltr'><strong><em>τουτέστιν</em></strong></span> <span class='ocrx_word' id='word_1_184' title='bbox 2178 3165 2419 3236; x_wconf 80' lang='grc' dir='ltr'><strong><em>εὐθεῖα</em></strong></span> 
     </span>
    </p>
   </div>
   <div class='ocr_carea' id='block_1_10' title="bbox 380 3308 809 3316">
    <p class='ocr_par' dir='ltr' id='par_1_10' title="bbox 380 3308 809 3316">
     <span class='ocr_line' id='line_1_28' title="bbox 380 3308 809 3316; baseline 0 0"><span class='ocrx_word' id='word_1_185' title='bbox 380 3308 809 3316; x_wconf 95' lang='lat' dir='ltr'><strong><em> </em></strong></span> 
     </span>
    </p>
   </div>
   <div class='ocr_carea' id='block_1_11' title="bbox 377 3357 2426 3580">
    <p class='ocr_par' dir='ltr' id='par_1_11' title="bbox 377 3357 2426 3580">
     <span class='ocr_line' id='line_1_29' title="bbox 522 3357 2426 3434; baseline -0.002 -13"><span class='ocrx_word' id='word_1_186' title='bbox 522 3373 573 3421; x_wconf 82' lang='grc'><strong><em>4.</em></strong></span> <span class='ocrx_word' id='word_1_187' title='bbox 612 3364 711 3421; x_wconf 74' lang='grc' dir='ltr'><strong><em>καὶ</em></strong></span> <span class='ocrx_word' id='word_1_188' title='bbox 746 3361 816 3420; x_wconf 77' lang='grc' dir='ltr'><strong><em>τὰ</em></strong></span> <span class='ocrx_word' id='word_1_189' title='bbox 856 3366 952 3420; x_wconf 74' lang='grc' dir='ltr'><strong><em>ἴσα</em></strong></span> <span class='ocrx_word' id='word_1_190' title='bbox 988 3359 1279 3433; x_wconf 71' lang='grc' dir='ltr'><strong><em>ἀπέχοντα</em></strong></span> <span class='ocrx_word' id='word_1_191' title='bbox 1317 3357 1422 3418; x_wconf 71' lang='grc' dir='ltr'><strong><em>ἀπ’</em></strong></span> <span class='ocrx_word' id='word_1_192' title='bbox 1457 3357 1672 3434; x_wconf 71' lang='grc' dir='ltr'><strong><em>αὐτῶν]</em></strong></span> <span class='ocrx_word' id='word_1_193' title='bbox 1711 3362 1932 3431; x_wconf 73' lang='lat' dir='ltr'>addidi3</span> <span class='ocrx_word' id='word_1_194' title='bbox 1970 3379 2080 3419; x_wconf 87' lang='lat' dir='ltr'><strong><em>om.</em></strong></span> <span class='ocrx_word' id='word_1_195' title='bbox 2118 3363 2179 3430; x_wconf 82' lang='lat' dir='ltr'><strong><em>F,</em></strong></span> <span class='ocrx_word' id='word_1_196' title='bbox 2216 3363 2426 3433; x_wconf 65' lang='lat' dir='ltr'>uulgog</span> 
     </span>
     <span class='ocr_line' id='line_1_30' title="bbox 377 3430 2418 3508; baseline -0.002 -16"><span class='ocrx_word' id='word_1_197' title='bbox 377 3439 479 3494; x_wconf 77' lang='grc' dir='ltr'><strong><em>καὶ</em></strong></span> <span class='ocrx_word' id='word_1_198' title='bbox 518 3433 622 3508; x_wconf 73' lang='grc' dir='ltr'><strong><em>ἐφ’</em></strong></span> <span class='ocrx_word' id='word_1_199' title='bbox 666 3432 907 3504; x_wconf 73' lang='grc' dir='ltr'><strong><em>ἑκάτερα</em></strong></span> <span class='ocrx_word' id='word_1_200' title='bbox 944 3436 1057 3490; x_wconf 78' lang='grc' dir='ltr'><strong><em>τῶν</em></strong></span> <span class='ocrx_word' id='word_1_201' title='bbox 1086 3433 1271 3506; x_wconf 84' lang='grc' dir='ltr'><strong><em>μέσων</em></strong></span> <span class='ocrx_word' id='word_1_202' title='bbox 1299 3433 1646 3503; x_wconf 81' lang='lat' dir='ltr'>Barrowius3</span> <span class='ocrx_word' id='word_1_203' title='bbox 1684 3431 1872 3489; x_wconf 76' lang='grc' dir='ltr'><strong><em>πάντα</em></strong></span> <span class='ocrx_word' id='word_1_204' title='bbox 1899 3430 1968 3489; x_wconf 81' lang='grc' dir='ltr'><strong><em>τὰ</em></strong></span> <span class='ocrx_word' id='word_1_205' title='bbox 2000 3433 2145 3505; x_wconf 84' lang='grc' dir='ltr'><strong><em>μέσα</em></strong></span> <span class='ocrx_word' id='word_1_206' title='bbox 2172 3433 2418 3489; x_wconf 79' lang='lat' dir='ltr'><strong>Nizzius.</strong></span> 
     </span>
     <span class='ocr_line' id='line_1_31' title="bbox 379 3501 2424 3580; baseline -0.002 -16"><span class='ocrx_word' id='word_1_207' title='bbox 379 3516 431 3565; x_wconf 86' lang='lat'><strong><em>5.</em></strong></span> <span class='ocrx_word' id='word_1_208' title='bbox 473 3507 696 3580; x_wconf 78' lang='grc' dir='ltr'><strong><em>ἔχωντι]</em></strong></span> <span class='ocrx_word' id='word_1_209' title='bbox 738 3508 961 3580; x_wconf 78' lang='lat' dir='ltr'>scripsi3</span> <span class='ocrx_word' id='word_1_210' title='bbox 1002 3525 1187 3578; x_wconf 78' lang='grc' dir='ltr'><strong><em>εχοντι</em></strong></span> <span class='ocrx_word' id='word_1_211' title='bbox 1223 3506 1287 3578; x_wconf 82' lang='lat' dir='ltr'><strong><em>F,</em></strong></span> <span class='ocrx_word' id='word_1_212' title='bbox 1324 3507 1513 3576; x_wconf 79' lang='lat' dir='ltr'>uulgo,</span> <span class='ocrx_word' id='word_1_213' title='bbox 1653 3511 1735 3560; x_wconf 91' lang='lat'><strong><em>10.</em></strong></span> <span class='ocrx_word' id='word_1_214' title='bbox 1775 3501 1836 3560; x_wconf 81' lang='grc' dir='ltr'><strong><em>δ’</em></strong></span> <span class='ocrx_word' id='word_1_215' title='bbox 1873 3505 1933 3560; x_wconf 81' lang='lat' dir='ltr'><strong><em>F.</em></strong></span> <span class='ocrx_word' id='word_1_216' title='bbox 2075 3511 2161 3560; x_wconf 89' lang='lat'><strong><em>11.</em></strong></span> <span class='ocrx_word' id='word_1_217' title='bbox 2199 3523 2424 3574; x_wconf 77' lang='grc' dir='ltr'><strong><em>ισορρο-</em></strong></span> 
     </span>
    </p>
   </div>
   <div class='ocr_carea' id='block_1_12' title="bbox 2631 744 2644 1285">
    <p class='ocr_par' dir='ltr' id='par_1_12' title="bbox 2631 744 2644 1285">
     <span class='ocr_line' id='line_1_32' title="bbox 2631 744 2644 1285; baseline 0 0"><span class='ocrx_word' id='word_1_218' title='bbox 2631 744 2644 1285; x_wconf 95' lang='lat' dir='ltr'><strong><em> </em></strong></span> 
     </span>
    </p>
   </div>
  </div>
 </body>
</html>
