2659 3967
409 163 497 227 48
1167 163 1343 215 ΠΕΡΙ
1378 161 1677 215 muman.

409 313 577 393 5269,
623 304 783 388 231<
789 356 808 391 ‚
859 311 999 376 QM
1049 301 1493 393 τετραγώνοις
1543 301 1655 371 καὶ
1709 312 1853 380 τοῖς
1909 298 2044 371 ἀπὸ
2104 303 2234 368 τᾶν
2284 308 2349 369 A
2364 307 2452 387 Φ,

412 417 573 498 PX,
609 420 672 481 Ε
686 420 786 498 Ψ,
824 418 998 495 HR,
1033 409 1196 496 Ιᾏ,
1243 417 1355 481 Λίὶ
1404 408 1517 477 καὶ
1552 413 1646 501 τῷ
1683 407 2127 499 περιεχομένῳ
2164 404 2297 476 ὑπὸ
2334 410 2454 486 τοῖς

415 525 552 587 ΒΦ
594 518 707 587 καὶ
751 522 869 599 τᾶς
905 521 1258 597 διπλασίας
1301 520 1430 583 τᾶν
1467 522 1640 600 ΛΦ,
1676 520 1833 600 ΓΧ,
1873 519 2049 599 Eur,
2086 520 2263 600 HR,
2299 512 2452 598 1⁶25,

415 632 478 692 A
492 641 549 695 Q.
637 622 835 692 κοινὰ
881 622 1005 710 μὲν
1062 614 1190 691 οὖν
1247 624 1386 690 ἐντι
1442 621 1771 712 ἑκατέρων
1815 617 1898 687 τὰ
1943 617 2328 706 τετράγωνα
2372 617 2454 686 τὰ

341 743 376 792 ὅ
414 728 546 799 ἀπὸ
601 733 728 798 τᾶν
786 733 943 798 ι’σᾶν
995 732 1077 818 τᾷ
1123 730 1278 805 ΝΞ.
1338 725 1446 795 τὸ
1497 727 1573 796 δὲ
1626 725 2100 816 περιεχόμενον
2155 722 2288 794 ὑπὸ
2336 730 2455 806 τοῖς

414 838 557 913 ΝΞ
593 837 708 903 καὶ
751 837 869 915 τᾶς
915 842 1063 915 ἴσας
1104 846 1254 914 ταῖς
1293 840 1451 920 OX,
1490 839 1679 919 ΠΨ,
1715 839 1877 918 RP,
1915 830 2097 918 ᾏΣ,
2139 840 2277 918 QT,
2321 838 2463 899 TN

415 941 703 1011 ἔλασσόν
760 943 897 1009 ἐστι
951 943 1074 1010 τοῦ
1135 939 1615 1029 περιεχομένου
1666 936 1800 1007 ὑπό
1854 964 1925 1007 τε
1977 941 2097 1017 τοῖς
2148 946 2208 1007 Β
2225 945 2289 1006 Φ
2340 940 2455 1005 καὶ

412 1052 534 1128 τᾶς
579 1052 932 1127 διπλασίας
973 1050 1100 1116 τᾶν
1137 1054 1310 1133 ΑΦ,
1348 1052 1504 1132 ΓΧ,
1544 1053 1720 1130 ΕΨ,
1757 1052 1933 1131 HR,
1979 1045 2138 1131 Ιᾏ,
2177 1053 2289 1117 Aa
2335 1042 2450 1114 διὰ
2520 1050 2527 1057 ’

412 1152 491 1221 τὸ
528 1151 648 1234 τὰς
683 1158 815 1222 νῦν
853 1154 1204 1243 εἰρημένας
1239 1152 1548 1243 γραμμὰς
1584 1166 1727 1232 ταῖς
1765 1151 1888 1240 μὲν
1915 1157 2073 1239 ΓΟ,
2100 1158 2269 1238 ΕΠ,
2298 1154 2452 1236 ΡΗ,

311 1272 378 1322 10
414 1267 462 1329 I
465 1267 560 1348 Σ,
599 1267 767 1347 ΛΤ,
811 1266 950 1328 TN
980 1257 1128 1341 ἴσας
1164 1256 1379 1347 εἶμεν,
1423 1264 1550 1327 τᾶν
1587 1258 1664 1327 δὲ
1690 1262 1934 1327 λοιπᾶν
1962 1257 2285 1346 μειζόνας.
2338 1260 2452 1325 καὶ

412 1364 496 1433 τὰ
555 1365 940 1455 τετράγωνα
999 1365 1075 1435 δὲ
1131 1364 1212 1434 τὰ
1273 1364 1407 1435 ἀπὸ
1463 1367 1587 1433 τᾶν
1640 1374 1706 1433 A
1721 1372 1815 1452 Φ,
1859 1371 2019 1472 PX,
2062 1371 2241 1450 ΕΨ,
2281 1371 2451 1451 HR,

413 1472 574 1558 123,
610 1478 724 1545 Aa
770 1472 1039 1560 μείζονά
1087 1474 1224 1540 ἐντι
1268 1475 1393 1539 τοῦ
1438 1475 1667 1559 τρίτου
1702 1472 1934 1560 μέρεος
1977 1474 2116 1539 τῶν
2153 1467 2285 1540 ἀπὸ
2322 1475 2451 1539 τᾶν

419 1585 575 1664 ΟΧ,
612 1584 804 1664 ΠΨ,
842 1584 1001 1665 PR,
1038 1577 1222 1663 Σᾏ,
1269 1584 1400 1663 To,
1451 1583 1610 1645 TN·
1692 1581 2020 1647 δεδείκται
2074 1576 2205 1666 γὰρ
2250 1581 2450 1646 τοῦτο

416 1688 490 1753 ἐν
537 1697 677 1765 τοῖς
723 1682 968 1753 ἐπάνω.
1040 1681 1361 1752 ἐλάττονα
1406 1681 1542 1772 ἄρα
1587 1684 1727 1751 ἐντὶ
1770 1680 1850 1750 τὰ
1898 1684 2197 1769 ρηθέντα
2239 1690 2451 1773 χωρία

313 1803 378 1852 15
415 1795 553 1861 τών
606 1790 1045 1881 τετραγώνων
1098 1794 1235 1859 τῶν
1290 1787 1424 1857 ἀπὸ
1480 1794 1607 1858 τᾶν
1661 1797 1823 1875 ΑΒ,
1874 1796 2039 1875 ΓΔ,
2092 1797 2245 1875 ΕΖ,
2291 1797 2449 1876 ΗΘ,

415 1904 462 1965 I
467 1904 537 1966 K
543 1949 564 1984 ,
611 1904 674 1965 Λ
685 1904 780 1965 M.
852 1895 1094 1966 λοιπὸν
1141 1894 1218 1964 δὲ
1263 1897 1635 1982 δειξοῦμες,
1684 1893 1786 1963 ὅτι
1824 1895 2093 1982 μείζονά
2141 1896 2276 1965 ἐντι
2312 1901 2451 1965 τῶν

414 2002 852 2093 τετραγώνων
905 2006 1042 2071 τῶν
1099 2000 1231 2070 ἀπὸ
1284 2005 1411 2071 τᾶν
1454 2008 1619 2087 ΓΛ,
1667 2008 1823 2088 ΕΖ,
1869 2007 2035 2089 ΗΘ,
2081 2009 2228 2089 ΙΚ,
2274 2009 2450 2087 AM,

415 2111 567 2186 ΝΞ.
658 2107 863 2176 πάλιν
910 2106 995 2194 δὴ
1040 2105 1120 2175 τὰ
1168 2107 1553 2195 τετράγωνα
1604 2106 1685 2175 τὰ
1734 2106 1868 2176 ἀπὸ
1919 2112 2044 2176 τᾶν
2089 2114 2253 2195 ΓΛ,
2300 2116 2450 2193 ΕΖ,

416 2221 583 2300 ΗΘ,
627 2220 776 2299 ΙΚ,
824 2220 1005 2299 ΛΜ,
1051 2215 1191 2291 ΝΞ
1239 2221 1353 2280 ἴσα
1413 2213 1551 2281 ἐντὶ
1608 2226 1750 2293 τοῖς
1810 2240 1878 2282 τε
1931 2212 2065 2283 ἀπὸ
2120 2219 2247 2283 τᾶν
2301 2220 2449 2300 ΧΓ,

307 2332 380 2381 20
417 2326 596 2407 ΕΨ,
634 2325 810 2405 HR,
845 2318 1005 2404 Ιᾏ,
1043 2325 1154 2390 Aa
1199 2319 1310 2386 καὶ
1347 2332 1487 2401 τοῖς
1523 2315 1653 2386 ἀπὸ
1702 2323 1828 2388 τᾶν
1864 2326 2032 2407 ΧΔ,
2087 2326 2255 2406 ΨΖ,
2291 2326 2449 2407 ΩΘ,

415 2426 608 2513 ᾏΚ,
647 2431 805 2511 QM,
840 2426 982 2501 ΝΞ
1028 2424 1140 2491 καὶ
1193 2427 1286 2517 τῷ
1343 2424 1788 2515 περιεχομένῳ
1841 2422 1976 2493 ὑπό
2028 2450 2099 2493 τε
2152 2429 2270 2505 τᾶς
2314 2428 2457 2503 ΝΞ

413 2533 527 2600 καὶ
571 2535 690 2612 τᾶς
736 2535 1086 2611 διπλασίας
1121 2534 1348 2599 πασᾶν
1381 2533 1509 2599 τᾶν
1534 2536 1691 2617 ΓΧ,
1721 2537 1785 2597 Ε
1795 2537 1897 2617 Ψ,
1926 2536 2102 2617 HR,
2129 2536 2175 2599 Ι
2180 2530 2289 2617 Q,
2318 2538 2450 2603 Ac..

413 2643 535 2707 καί
573 2641 710 2707 ἐστι
755 2635 952 2706 κοινὰ
996 2636 1120 2723 μὲν
1163 2633 1244 2703 τὰ
1291 2634 1424 2705 ἀπὸ
1470 2641 1598 2704 τᾶν
1642 2644 1810 2723 ΧΔ,
1856 2645 2022 2723 ΨΖ,
2059 2644 2224 2722 RQ,
2269 2636 2449 2722 QK,

414 2751 574 2830 Me,
611 2746 777 2829 ΝΞ,
824 2748 1048 2829 μεῖζον
1096 2741 1171 2810 δὲ
1215 2740 1290 2810 τὸ
1337 2740 1472 2811 ὑπό
1517 2768 1588 2810 τε
1631 2746 1751 2822 τᾶς
1795 2745 1937 2820 ΝΞ
1974 2743 2085 2810 καὶ
2130 2748 2250 2824 τᾶς
2295 2750 2446 2823 ἴσας

557 2945 607 2992 2.
648 2938 793 3008 HR]
830 2940 957 2992 MR
984 2936 1029 2991 F
1067 2954 1236 3007 supra
1271 2936 1479 3007 scripto
1510 2940 1572 2990 H
1592 2953 1763 2991 manu
1795 2944 1841 2993 1.
1952 2944 1986 2991 Ι
2064 2937 2087 3008 ]
2126 2938 2238 3007 ΡἋ
2278 2954 2450 3006 supra

413 3007 625 3077 scripto
654 3014 690 3061 I
719 3024 892 3063 manu
920 3014 949 3062 1
986 3008 1049 3062 F.
1157 3014 1206 3063 3.
1236 3027 1342 3062 ταν
1370 3010 1467 3061 ΒΦ
1494 3007 1565 3075 Ἐς
1604 3024 1741 3063 corr.
1772 3008 1875 3077 A?,
1904 3007 1989 3063 ed.
2064 3007 2213 3063 asil..
2296 3007 2442 3079 HR]

414 3082 536 3134 NR
573 3078 633 3131 F.
708 3079 772 3132 In
821 3078 1003 3147 figura
1037 3096 1141 3149 pro
1180 3080 1245 3149 Q
1292 3079 1353 3133 in
1388 3078 1433 3134 Ἐ
1481 3077 1744 3134 scribitur
1780 3082 1862 3145 H,
1954 3094 2017 3132 ro
2066 3094 2104 3149 q
2150 3078 2343 3134 littera.
2382 3080 2449 3133 Τ.

419 3156 471 3205 9.
509 3168 790 3219 γραμμαις
825 3147 896 3215 Ἐς
943 3158 1079 3204 o‘orr.
1118 3149 1412 3205 Torellius.
1596 3149 1732 3221 ΓΟ]
1773 3152 1883 3204 ΓΘ
1964 3191 1979 3219 ,
2018 3150 2117 3205 sed
2155 3165 2293 3205 corr.
2330 3166 2449 3203 ma—

413 3238 518 3275 nus
558 3226 604 3273 1.
753 3225 837 3273 12.
875 3214 1107 3290 μείζονά
1147 3216 1264 3275 ἐντι
1293 3263 1306 3276 .
1339 3263 1351 3275 .
1384 3262 1396 3274 .
1434 3219 1531 3274 lin.
1574 3226 1667 3274 13:
1720 3222 1839 3274 TN
1906 3236 2013 3276 om.
2051 3221 2124 3287 Ἐς
2164 3236 2304 3275 corr,
2342 3218 2451 3273 Το-

413 3289 607 3347 tollius
646 3288 776 3359 (nisi
811 3289 962 3359 quod
998 3288 1202 3360 μέρους
1237 3290 1414 3346 habet
1448 3290 1547 3345 lin.
1589 3294 1675 3359 12)
1724 3291 1785 3345 et
1864 3290 2253 3346 ommandinus
2289 3285 2449 3360 (ἔστι,

413 3359 637 3433 μέρους,
678 3360 792 3415 τῶν
827 3357 1195 3430 τετραγώνων
1230 3362 1343 3416 τῶν
1379 3356 1534 3431 ἀπό).
1683 3365 1768 3415 15.
1806 3361 1938 3433 τᾶν]
1976 3380 2089 3415 των
2166 3378 2226 3417 er
2263 3376 2445 3431 comp.

413 3434 483 3499 Ἐς
523 3447 661 3486 corr.
700 3431 992 3487 Toranius,
1112 3437 1195 3487 16.
1235 3433 1497 3503 δειξομεν
1534 3430 1597 3499 Ἐ,
1637 3432 1824 3499 uulgo.
1936 3437 2022 3488 20.
2060 3451 2134 3486 κα
2195 3438 2311 3495 τοῖς
2342 3473 2355 3487 .
2386 3472 2400 3485 .
2434 3474 2447 3487 .

414 3502 513 3557 lin.
542 3509 636 3556 21:
677 3504 740 3556 Ν
746 3502 830 3574 Ξ]
871 3518 979 3559 om.
1007 3500 1082 3573 Ἐς
1121 3518 1257 3557 corr.
1289 3500 1741 3559 commandinuS.
1855 3508 1939 3557 22.
1984 3502 2127 3573 HR]
2162 3506 2223 3557 H
2245 3519 2353 3557 om.
2383 3502 2446 3559 Ἐ.

2626 0 2650 322 ι

2640 431 2655 879 1
