2659 3967
418 168 549 233 388
730 167 827 221 DE
864 165 974 235 IIS,
1014 164 1211 232 QUAE
1248 164 1326 218 IN
1363 161 1656 218 HUMIDO
1695 162 2124 220 UEHUNTUR.

419 313 508 377 sit
561 315 778 377 autem
834 333 999 397 quae
1044 310 1179 376 ΡΤ
1226 309 1432 395 ipsius
1483 308 1598 374 ΤΙ
1643 308 1860 392 dupla.
1951 311 2246 373 centrum
2295 328 2448 393 ergo

418 404 774 505 grauitatis*
808 418 969 502 eius,
1014 415 1189 502 quod
1222 416 1293 481 iu
1328 415 1620 500 humido,
1667 418 1769 480 est
1803 416 2066 501 signum
2109 413 2172 478 Τ
2203 415 2296 498 [p.
2323 414 2454 480 380

417 528 556 591 not.
588 526 674 606 1].
738 528 807 588 et
850 523 1159 607 copulata
1190 544 1358 610 quae
1391 522 1524 587 ΤΕ
1551 520 1878 603 educatur,
1926 524 1993 586 et
2030 520 2118 585 sit
2155 523 2454 586 centrum

419 630 789 716 grauitatis
814 630 981 714 eius,
1029 629 1203 715 quod
1248 632 1433 695 extra
1476 626 1834 711 humidum,
1881 628 1944 694 G
1991 626 2190 710 [ἐπιπ.
2237 628 2456 713 ἰσορρ.

350 754 382 803 5
419 739 472 823 Ι,
519 740 608 821 8],
654 741 723 803 et
766 759 807 802 a
850 736 919 801 B
964 736 1095 821 ipsi
1141 735 1221 801 N
1220 735 1275 802 O
1320 740 1500 801 recta
1545 757 1710 821 quae
1748 733 1904 800 BR.
1975 722 2285 820 quoniam
2331 736 2460 823 igi-

418 850 528 911 tur
572 848 676 910 est
720 865 885 930 quae
931 843 1192 929 quidem
1229 842 1348 908 PI
1385 841 1910 927 aequedistanter
1946 840 2269 907 diametro
2306 842 2381 908 N
2389 841 2465 925 0,

421 972 586 1035 quae
625 954 843 1015 autem
870 949 1015 1016 BR
1039 948 1591 1035 perpendicularis
1621 970 1813 1032 super
1841 948 2248 1033 diametrum,
2287 970 2461 1034 quae

420 1061 637 1122 autem
654 1056 796 1135 FB
824 1055 1114 1140 aequalis
1146 1056 1225 1140 ei,
1256 1076 1422 1141 quae
1449 1077 1654 1140 usque
1675 1054 1755 1119 ad
1777 1077 1981 1139 axem,
2008 1055 2249 1138 palam,
2279 1054 2459 1139 quod

422 1184 585 1248 quae
610 1162 748 1227 FR
792 1162 1025 1226 educta
1059 1162 1366 1246 aequales
1404 1162 1682 1247 angulos
1717 1160 1918 1227 faciet
1955 1160 2037 1225 ad
2073 1161 2463 1246 contingen-

320 1287 387 1335 ιο
423 1274 559 1335 tem
596 1268 951 1334 sectionem
986 1267 1256 1334 APOL
1292 1267 1644 1334 secundum
1681 1265 1748 1331 P
1779 1268 1870 1352 [p.
1897 1267 2029 1333 382
2054 1270 2192 1333 not.
2220 1267 2459 1349 2—3].

424 1396 621 1461 quare
676 1378 745 1439 et
796 1374 880 1439 ad
915 1373 1045 1441 AS
1094 1378 1162 1440 et
1206 1374 1291 1439 ad
1337 1374 1745 1458 superficiem
1791 1395 2016 1459 aquae.
2087 1373 2297 1461 ductis
2345 1396 2463 1440 au-

420 1487 556 1548 tem
599 1504 718 1567 per
762 1482 834 1561 Τ,
876 1481 938 1547 G
983 1481 1507 1567 aequedistanter
1551 1480 1683 1565 ipsi
1717 1480 1878 1566 FB,
1924 1483 2115 1545 erunt
2159 1483 2227 1544 et
2268 1481 2461 1565 ipsae

419 1590 987 1676 perpendiculares
1045 1588 1127 1653 ad
1184 1587 1592 1672 superficiem
1647 1607 1883 1679 aquae,
1947 1590 2014 1651 et
2069 1585 2459 1671 magnitudo

424 1696 687 1782 quidem
723 1697 897 1762 inter
929 1693 1271 1759 humidum
1307 1697 1647 1778 assumpta
1676 1716 1755 1758 ex
1784 1691 1992 1760 solido
2023 1691 2290 1758 APOL
2317 1716 2462 1758 sur-

322 1818 388 1867 15
1103 1880 1134 1900 .
1492 1822 1637 1865 sum
1655 1800 1901 1863 feretur
1925 1799 2275 1864 secundum
2297 1822 2465 1884 eam,

1493 1928 1658 1993 quae
1711 1927 1828 1991 per
1887 1906 1967 1989 Τ,
2032 1906 2462 1991 perpendicu-

1491 2014 1722 2097 larem3
1778 2034 1944 2097 quae
1999 2014 2216 2077 autem
2273 2016 2466 2079 extra

1491 2118 1851 2203 humidum,
1888 2118 2189 2184 deorsum
2215 2118 2469 2186 feretur

1537 2226 1608 2291 in
1666 2224 2004 2290 humidum
2061 2224 2416 2291 secundum

1495 2354 1658 2417 eam,
1705 2353 1869 2416 quae
1916 2353 2034 2416 per
2063 2330 2142 2416 G,
2185 2353 2468 2416 perpen-

1494 2438 1863 2503 dicularem.
1904 2438 2278 2503 reuoluetur
2305 2459 2469 2525 ergo

1356 2743 1436 2860 *ἐξ
1489 2757 1703 2822 ficiem
1773 2755 2026 2821 humidi
2099 2756 2462 2831 secuudum

1492 2884 1695 2929 unum
1753 2863 2030 2949 signum.
2123 2862 2183 2927 si
2238 2867 2462 2929 autem

1493 2991 1660 3054 quae
1704 2969 1824 3035 ΡΙ
1868 2991 2003 3034 non
2059 2970 2336 3035 secuerit
2379 2970 2467 3035 li·

427 3098 619 3141 neam
680 3076 845 3159 ΚΩ,
907 3076 1075 3141 sicut
1135 3076 1206 3139 in
1269 3074 1552 3141 secunda
1615 3076 1828 3162 figura
1890 3075 2284 3161 descriptum
2341 3080 2470 3161 est,

429 3182 874 3265 manifestum,
930 3181 1102 3266 quod
1160 3182 1425 3268 siguum
1474 3183 1553 3269 Τ,
1609 3182 1781 3268 quod
1813 3173 1928 3257 „est
1972 3187 2267 3249 centrum
2314 3204 2467 3269 gra-

323 2883 392 2932 25

572 3385 622 3433 9.
662 3376 808 3448 FR]
848 3378 994 3445 „tr“
1034 3375 1315 3431 Tartalea..
1434 3375 1726 3448 aequales]
1763 3376 1820 3431 h.
1858 3392 1905 3430 e.
1944 3377 2145 3432 rectos.
2258 3375 2462 3448 faciet]

432 3467 543 3504 om.
580 3448 859 3504 Tartalea.
1006 3454 1103 3504 .15.
1141 3445 1769 3515 ‚,ferretur“‚'1'artalea.
1917 3452 2001 3502 18.
2040 3446 2282 3516 ‚‚ferret“
2321 3446 2468 3502 Tar·

430 3520 602 3575 talea..
745 3525 832 3575 2⁷.
870 3518 1139 3591 secunda]
1179 3519 1432 3588 „solida“
1470 3518 1762 3587 Tartalea3
1800 3534 1941 3573 corr.
1979 3516 2192 3573 Comm.
