2659 3967
1923 7 1939 23 *⁴-
2053 0 2197 22 ,οι-φθ-
2208 0 2221 2 -

397 192 532 261 360
711 192 809 247 DE
848 191 957 260 IIS,
998 190 1196 268 QUAE
1233 193 1316 247 IN
1353 192 1645 248 HUMIDO
1682 192 2108 249 UEHUNTUR.

393 336 771 423 periferiam
817 341 1111 403 centrum
1147 337 1500 403 habentem
1539 338 1822 424 signum,
1850 360 1985 423 per
2022 338 2195 424 quod
2231 342 2435 424 plano

393 449 671 529 secatur,
716 444 1032 530 sphaerae
1079 443 1205 510 erit
1249 445 1637 529 superficies.

531 551 619 617 sit
685 551 858 615 enim
919 550 1288 637 superficies
1355 552 1576 636 aliqua
1640 554 1819 617 secta
1872 574 1992 637 per
2044 553 2308 640 signum
2364 554 2445 618 K

393 658 592 743 plano
631 678 826 741 super
862 658 1216 723 sectionem
1254 657 1567 723 facientes
1597 658 1823 724 circuli
1848 658 2243 745 periferiam,
2282 682 2433 725 cen-

325 788 362 837 5
397 769 574 831 trum
631 765 850 829 autem
903 762 1112 847 ipsius
1156 763 1243 828 K.
1338 764 1395 829 si
1438 764 1645 851 igitur
1686 764 1834 849 ipsa
1880 766 2253 849 superficies
2298 788 2433 832 non

1141 872 1245 935 est
1282 870 1599 955 sphaerae
1637 870 2031 955 superficies,
2068 892 2204 937 non
2242 876 2437 937 erunt

415 907 1073 1220 ‘103
1143 997 1372 1043 omnes
1438 999 1603 1065 quae
1668 1000 1709 1043 a
1772 980 1994 1043 centro
2062 977 2142 1043 ad
2210 1000 2435 1063 super-

1139 1082 1355 1149 ficiem
1402 1088 1813 1149 occurrentes
1859 1084 2069 1149 lineae
2108 1085 2433 1169 aequales,

1145 1189 1234 1253 sit
1288 1189 1513 1274 itaque
1566 1190 1660 1276 A,
1705 1190 1800 1275 B,
1848 1190 1936 1275 G,
1980 1189 2053 1255 D
2116 1191 2434 1276 signain

285 1318 358 1369 10
1144 1296 1505 1382 superficie,
1550 1299 1618 1362 et
1650 1297 2026 1381 inaequales
2065 1318 2229 1381 quae
2266 1298 2435 1383 ΑΚ,

443 1454 469 1494 Ι
1011 1433 1076 1513 a
1139 1402 1315 1488 KB,
1374 1425 1491 1488 per
1544 1405 1723 1489 ipsas
1780 1407 2001 1469 autem
2054 1404 2226 1488 ΚΑ,
2280 1404 2434 1470 KB

1139 1509 1409 1594 planum
1464 1510 1772 1577 educatur
1826 1514 1893 1575 et
1946 1510 2150 1575 faciat
2196 1511 2433 1577 sectio-

392 1636 544 1681 nem
602 1616 674 1681 in
733 1616 1076 1702 superficie
1132 1616 1373 1682 lineam
1428 1616 1741 1683 DABG.
1832 1618 2059 1683 circuli
2118 1639 2272 1705 ergo
2328 1623 2435 1684 est

395 1724 558 1809 ipsa,
603 1726 898 1788 centrum
944 1728 1164 1789 autem
1208 1723 1415 1809 ipsius
1450 1724 1539 1809 K,
1587 1726 1893 1811 quoniam
1940 1724 2435 1810 supponebatur

285 1860 354 1909 15
395 1828 771 1914 superficies
808 1828 980 1895 talis.
1051 1852 1184 1895 non
1220 1834 1378 1895 sunt
1416 1851 1569 1917 ergo
1605 1831 1979 1917 inaequales
2017 1830 2231 1896 lineae
2264 1831 2347 1895 K
2345 1832 2433 1917 A,

394 1936 476 2001 K
475 1918 562 2003 B'.
625 1938 1063 2002 necessarium
1106 1937 1314 2022 igitur
1359 1940 1477 2021 est,
1524 1938 1895 2021 superficies
1934 1960 2075 2004 esse
2114 1937 2433 2023 sphaerae

397 2042 825 2128 superficiem.

803 2236 1226 2306 Theorema
1270 2238 1357 2303 H.
1445 2238 1894 2324 Propositio
1940 2238 2025 2306 ΙΙ.

535 2358 764 2425 Omnis
801 2360 1054 2425 humidi
1092 2362 1509 2428 consistentis
1546 2364 1661 2449 ita,
1696 2368 1772 2430 ut
1798 2367 2061 2429 maneat
2087 2364 2430 2450 inmotum,

283 2496 357 2548 20
393 2466 770 2555 superficies
815 2466 1090 2533 habebit
1127 2468 1408 2555 figuram
1444 2469 1759 2554 sphaerae
1794 2469 2096 2566 habentis
2134 2475 2429 2536 centrum

391 2574 570 2640 idem
612 2595 761 2639 cum
805 2578 1000 2640 terra.

525 2680 947 2767 Intelligatur
993 2682 1165 2748 enim
1210 2634 1551 2749 humidum
1598 2685 1959 2751 consistens
2006 2685 2129 2765 ita,
2174 2689 2249 2752 ut
2294 2707 2431 2751 ma-

392 2838 800 2897 Commandino
849 2842 908 2895 et
941 2838 1163 2909 Nizzio,
1209 2839 1549 2897 lectionibus
1587 2840 1886 2896 Tartaleae
1933 2839 1994 2895 in
2032 2840 2429 2898 adnotationes

387 2910 635 2967 reiectis.
699 2910 798 2965 sed
835 2910 934 2966 ubi
971 2912 1268 2967 Tartaleae
1303 2912 1482 2967 uerba
1516 2910 1775 2983 intellegi
1807 2927 1919 2967 non
1956 2929 2118 2981 posse
2154 2912 2428 2969 uideban-

392 2984 508 3051 tur,
541 2980 601 3035 in
641 2980 1006 3037 adnotatione
1043 2981 1226 3038 adtuli
1263 2983 1623 3039 emendatam
1650 2982 2044 3041 commandini
2072 2983 2426 3055 scripturam.

392 3051 570 3107 etiam
618 3052 1130 3121 interpunctionem
1179 3053 1665 3124 peruersissimam-
1698 3053 1997 3111 Tartaleae
2036 3057 2095 3110 et
2131 3054 2428 3127 orthogra-

391 3122 590 3193 phiam
625 3137 828 3193 parum
865 3125 1217 3180 constantem
1253 3124 1429 3181 tacite
1464 3124 1699 3182 mutaui.

538 3270 587 3321 3.
627 3263 724 3336 sit]
764 3264 884 3333 ‚‚si“
912 3264 1192 3321 Tartalea.
1302 3272 1353 3321 4.
1392 3282 1563 3337 super
1589 3266 1891 3323 sectionem
1920 3266 2219 3339 facientes]
2261 3265 2429 3323 scrib.

391 3352 613 3407 semper
648 3334 958 3391 sectionem
991 3336 1261 3407 faciente3
1299 3341 1397 3407 „et
1431 3338 1507 3393 sit
1541 3338 1715 3394 sectio
1752 3341 2005 3408 semper“
2042 3338 2255 3395 Comm.
2376 3344 2427 3394 ⁷.

394 3422 541 3477 quae
603 3405 724 3476 hic,
772 3408 840 3461 ut
873 3423 1068 3479 saepe,
1114 3409 1420 3479 respondet
1454 3408 1695 3465 articulo
1732 3408 1963 3465 Graeco.
2113 3415 2197 3465 16.
2235 3425 2429 3479 super-

391 3477 588 3602 fleiggl
627 3477 1011 3605 fflmffaffium
1063 3480 1373 3550 respondet
1421 3480 1635 3537 Graeco
1692 3474 1780 3535 ὅτι
1834 3476 1870 3549 ἡ
1929 3476 2268 3550 ἐπιφάνειας
2326 3480 2427 3536 cfr.

2638 350 2651 667 ⁴

2642 784 2651 879 1

2648 1278 2650 1373 1

2640 1376 2651 1939 l
