2659 3967
1005 0 1087 9 -r-

783 208 883 265 DE
919 208 1158 265 mes
1195 209 1638 268 SPIRALIBUS.
2143 210 2223 276 ll

177 351 496 419 habitura.
546 375 707 438 esse,
757 376 952 439 quam
997 354 1285 421 habeant
1325 356 1645 439 quadrata
1680 357 2016 442 linearum,
2061 378 2228 441 quae

177 481 217 523 a
266 458 646 525 uerticibus
701 480 926 527 eorum
979 481 1184 546 usque
1237 461 1320 526 ad
1372 461 1573 546 planu
1628 463 2077 530 abscindentis
2120 464 2229 530 axi

174 565 540 648 parallelae
587 565 921 652 ducantur,
964 567 1543 634 demonstrandum
1590 574 1692 635 est
1736 569 1853 651 [ib.
1898 570 2033 651 241.
2111 570 2230 635 ho·

177 692 324 737 rum
375 676 610 739 autem
654 673 1244 740 demonstrationes
1287 675 1577 741 nondum
1623 677 1705 741 ad
1749 679 1817 741 te
1860 676 2230 759 mittuntur,

175 780 328 861 post
373 778 550 845 haec
591 784 812 846 autem
847 781 927 845 de
962 781 1136 849 linea
1170 782 1401 868 spirali
1437 782 1599 850 haec
1635 783 1976 869 proposita
2013 786 2226 866 erant3

175 888 335 951 sunt
413 890 642 952 autem
713 887 904 972 quasi
973 887 1152 954 aliud
1211 890 1695 974 problematum
1757 910 1993 974 genus,
2063 909 2229 973 quae

174 1012 328 1057 eum
367 991 482 1077 iis,
527 1015 694 1079 quae
733 994 946 1061 adhuc
981 996 1655 1082 commemorauimus‚
1692 996 1855 1061 nihil
1890 1016 2231 1061 commune

173 1095 466 1183 babent-,3
541 1100 620 1166 de
695 1101 931 1186 quibus
1003 1101 1130 1168 hoe
1197 1102 1370 1169 libro
1443 1101 2031 1169 demonstrationes
2102 1100 2229 1166 tibi

173 1205 710 1291 perscripsimus.
801 1212 956 1275 sunt
1007 1212 1228 1275 autem
1272 1210 1464 1275 haec:
1521 1209 1579 1275 si
1622 1208 1795 1274 linea
1837 1211 2045 1291 recta,
2098 1229 2232 1273 ma·

173 1314 385 1377 nente
435 1312 640 1380 altero
676 1316 981 1400 termino,
1032 1316 1102 1380 in
1138 1316 1337 1401 plano
1374 1316 1805 1401 aequabiliter
1836 1313 2231 1381 circumactu

173 1438 421 1485 rursus
493 1422 599 1485 in.
645 1442 794 1486 eum
865 1422 1083 1488 locum
1145 1422 1541 1506 restituitur,
1600 1421 1770 1487 unde
1834 1425 2068 1506 coepta
2130 1423 2233 1485 est

177 1526 444 1591 moueri
457 1575 474 1606 ,
538 1530 605 1591 et
667 1526 864 1592 simul
929 1527 1084 1593 dum
1140 1528 1315 1594 linea
1366 1528 1854 1612 circumagitur,
1916 1530 2229 1612 punctum

182 1631 460 1717 aliquod
515 1631 948 1717 aequabiliter
1003 1633 1131 1698 sibi
1183 1632 1317 1719 ipsi
1360 1634 1441 1699 in
1492 1634 1669 1699 linea
1719 1636 2146 1719 promouetur
2190 1654 2231 1697 a.

179 1739 475 1805 termino
517 1742 824 1805 manente
859 1739 1194 1824 incipiens,
1237 1743 1551 1824 punctum
1585 1739 1655 1804 in
1689 1739 1887 1823 plano
1924 1738 2229 1823 spii-alem

187 1844 540 1911 describet.
629 1844 774 1912 dico
817 1846 1044 1931 igitur,
1088 1846 1374 1933 spatium
1420 1845 1957 1930 comprehensum
2002 1843 2230 1930 spirali

183 1953 258 2015 et
303 1950 484 2017 linea.
525 1951 598 2017 in
643 1974 790 2018 eum
835 1952 1049 2018 locum
1091 1952 1428 2036 restituta,
1492 1951 1663 2017 unde
1708 1949 1957 2017 moueri
2001 1953 2233 2035 coepta
2326 2026 2335 2035 ,

185 2061 321 2143 est,
385 2058 652 2123 tertiam
713 2060 968 2143 purtem
1025 2078 1168 2124 esse
1227 2057 1478 2141 circuli,
1541 2057 1723 2123 cuius
1782 2060 2079 2123 centrum
2143 2056 2231 2121 sit

183 2163 512 2231 terminus
559 2184 845 2247 manens,
889 2164 1112 2229 radius
1159 2167 1377 2229 autem
1420 2163 1599 2229 linea.
1638 2185 1679 2228 a
1714 2166 1957 2248 puncto
1992 2163 2063 2227 in
2098 2182 2231 2229 una

187 2271 408 2337 lineae
478 2271 1059 2337 circumuolutione
1121 2273 1458 2356 permeata
1517 2272 1727 2355 [prop.
1792 2270 1927 2351 24].
2036 2271 2103 2334 et
2172 2268 2231 2333 si

189 2376 372 2441 linea.
427 2376 499 2442 in
553 2380 842 2443 extremo
895 2378 1178 2443 termino
1225 2376 1487 2461 spiralis
1532 2376 1839 2460 spiralem
1886 2373 2233 2458 contingit,

85 2556 96 2565 ,
194 2483 332 2549 alia
369 2486 589 2549 autem
623 2482 799 2549 linea
835 2505 876 2548 a
909 2483 1192 2548 termino
1227 2485 1531 2549 manente
1568 2482 1652 2547 ad
1687 2482 1926 2548 lineam
1964 2481 2231 2546 circum·

195 2592 418 2655 actam
481 2592 549 2654 et
606 2590 676 2653 in
734 2610 923 2655 suum
979 2588 1195 2654 locum
1247 2589 1625 2655 restitutam
1679 2585 2230 2673 perpendicularis

196 2691 484 2789 ducitur,
539 2695 634 2759 ita
691 2696 768 2759 ut
809 2694 882 2759 in
924 2694 1169 2760 lineam
1214 2694 1701 2781 contingentem
1744 2693 2020 2777 incidat,
2070 2692 2235 2773 dico,

198 2793 442 2881 lineam
492 2800 590 2866 ita
645 2798 758 2883 [sd
810 2799 1320 2886 contingentem]
1381 2801 1641 2867 ductam
1686 2798 1913 2867 circuli
1958 2796 2235 2863 ambitui

201 2894 540 2993 aequalem
595 2927 738 2972 esse
795 2908 1008 2991 [prop.
1048 2908 1178 2989 18].
1269 2910 1337 2973 et
1388 2908 1450 2971 si
1502 2907 1702 2985 linea,
1756 2922 1921 2990 quae
1966 2904 2237 2969 circum·

201 3013 450 3100 agstnr,
514 3018 582 3081 et
642 3016 984 3100 punctum,
1050 3013 1221 3098 quod
1283 3014 1356 3079 in
1416 3034 1497 3078 ea
1552 3014 1881 3093 mouetur,
1936 3011 2235 3096 pluribus

202 3280 372 3333 cans“
411 3278 500 3334 Cr.
609 3283 660 3334 8.
698 3295 1141 3348 γεγραφηκαμεν
1174 3276 1235 3345 F,
1273 3274 1465 3347 uulgo.
1572 3273 1685 3345 τοι]
1715 3272 2017 3341 Torellius3
2056 3291 2146 3328 σοι
2170 3274 2235 3339 F,

203 3348 394 3417 uulgo,
506 3354 556 3403 9.
595 3368 727 3415 περι
767 3351 968 3404 ελικων
991 3347 1038 3401 F
1061 3366 1177 3419 mg.
1289 3354 1375 3403 16.
1415 3362 1670 3416 ωρμησευ
1696 3344 1759 3399 F.
1869 3350 1956 3399 2³.
1993 3341 2238 3413 πέρατος

201 3414 408 3491 αὐτοῖς]
445 3420 578 3490 πἐρι
603 3437 668 3474 το
697 3438 836 3475 αυτο
865 3419 938 3488 F3
975 3430 1113 3473 corr.
1141 3417 1444 3474 Torellius.
1549 3419 1637 3471 24.
1676 3434 1823 3484 φημι
1848 3414 1919 3481 F3
1958 3429 2097 3468 corr.
2126 3413 2239 3467 To·

203 3542 416 3600 rellius.
544 3510 904 3615 vce-uxamiam
941 3544 1011 3611 Ἐς
1049 3560 1188 3600 corr.
1224 3541 1525 3609 Torellius;
1562 3538 1690 3596 fort.
1730 3540 2145 3609 προαχθεῖσαν.
