2659 3967
785 197 883 252 DE
923 197 1166 253 LINEIS
1207 194 1649 252 SPIRALIBUS.
2142 194 2230 259 35

193 344 294 407 est
341 346 566 407 autem
613 343 812 408 etiam

277 449 475 512 PM:
502 450 626 512 ΓΛ
654 478 740 502 ---
767 447 930 521 EF:
960 449 1101 512 ΚΓ
1141 445 1349 528 [Eucl.
1376 446 1494 532 ΠΙ,
1522 446 1639 530 35]
1678 477 1763 501 ===
1802 446 1957 511 ⁵⁴1⁷:
1986 449 2139 512 ΚΒ.

186 552 314 617 erit
341 553 556 637 igitur
581 553 721 628 ,22:12
742 556 984 619 KE==
1004 552 1160 627 ΞΓε
1181 555 1333 638 ΚΒ,
1364 557 1431 618 et
1448 550 2229 639 ΙΓεΒΕεπΞΓεΓΚέ)

189 658 302 723 sed
349 658 526 734 ΞΓῑ
559 659 704 724 ΓΚ
735 688 819 713 -=
856 663 972 724 H:
1001 664 1072 725 Z.
1163 660 1384 744 itaque
1438 659 1614 723 linea
1657 662 1730 724 Κ
1735 662 1800 723 Ε
1850 659 1933 723 ad
1984 659 2230 725 lineam

186 764 581 847 productam
626 765 820 831 ducta
867 767 984 849 est,
1031 768 1098 831 et
1142 764 1319 830 linea
1356 765 1511 849 ΒΕ,
1558 786 1724 849 quae
1767 764 1941 829 inter
1986 764 2229 829 lineam

185 870 580 952 productam
645 874 713 936 et
781 872 1100 937 ambitum
1159 872 1383 956 posita
1446 873 1579 955 est,
1644 870 1727 935 ad
1790 868 2031 935 lineam
2095 872 2231 954 ΓΙ,

185 996 354 1058 quae
409 998 450 1040 a
485 976 663 1041 linea
699 976 1106 1062 contingenti
1143 976 1397 1041 abscisa
1434 979 1553 1060 est,
1603 975 1871 1041 eandem
1910 975 2229 1067 rationem

165 1060 422 1167 =habet,
468 1104 664 1165 quam
712 1087 767 1147 Z
797 1106 811 1147 t
840 1087 930 1148 H.

1171 1278 1248 1342 X.

332 1397 406 1465 Si
481 1400 804 1484 quotlibet
867 1400 1081 1465 lineae
1138 1401 1439 1485 deinceps
1497 1400 1689 1464 datae
1759 1402 1910 1463 sunt
1972 1401 2232 1485 aequali

187 1507 414 1591 spatio
460 1507 634 1572 inter
669 1528 738 1572 se
777 1507 1172 1591 excedenteS‚
1217 1510 1285 1571 et
1321 1526 1621 1571 excessus
1656 1506 1963 1571 minimae
2000 1527 2230 1591 aequa-

185 1613 270 1677 lis
329 1616 463 1698 est,
515 1616 586 1677 et
635 1615 976 1697 praeterea
1031 1612 1198 1678 aliae
1251 1612 1465 1678 lineae
1520 1613 1713 1677 datae
1760 1616 1913 1677 sunt
1956 1635 2227 1678 numero

185 1719 268 1784 iis
341 1719 678 1803 aequales,
738 1718 1196 1803 magnitudine
1259 1721 1477 1784 autem
1546 1718 1842 1803 singulae
1906 1720 2231 1785 maximae

189 1826 552 1910 [aequales]
566 1822 648 1910 Β),
711 1825 1032 1909 quadrata
1094 1824 1411 1889 linearum
1478 1824 1801 1890 maximae
1856 1825 2253 1909 aequalium‘

189 1930 446 1997 adiecto
513 1935 579 1996 et
635 1931 952 2016 quadrato
1010 1930 1333 1996 maximae
1388 1933 1453 1995 et
1506 1932 1886 2017 rectangulo
1942 1952 2229 2015 compre-

185 2036 395 2103 henso
471 2036 744 2102 minima
813 2037 1114 2121 lineaque
1178 2036 1480 2101 omnibus
1550 2035 1745 2101 simul
1808 2036 1995 2101 lineis
2058 2038 2230 2103 inter

196 2164 264 2206 se
323 2143 585 2229 aequali
640 2143 855 2229 spatio
881 2171 886 2175 ·
915 2143 1369 2209 excedentibus
1426 2141 1683 2226 aequali
1736 2143 1935 2227 triplo
1981 2144 2231 2209 maiora

190 2252 387 2314 erunt
435 2249 732 2314 omnibus
779 2248 1113 2333 quadratis
1151 2248 1472 2313 linearum
1510 2248 1765 2333 aequali
1808 2250 2021 2333 spatio
2057 2250 2231 2315 inter

191 2376 261 2419 se
311 2354 777 2421 excedentium.

329 2462 542 2527 lineae
588 2460 915 2546 quotlibet
959 2458 1260 2544 deinceps
1306 2459 1499 2525 datae
1546 2460 1679 2525 sint
1723 2462 1981 2545 aequali
2018 2463 2228 2543 spatio

190 2567 364 2634 inter
409 2589 481 2631 se
517 2566 896 2633 excedentes
933 2572 1018 2650 A,
1042 2571 1122 2651 Β,
1144 2569 1220 2651 Γ,
1251 2572 1337 2651 Δ,
1366 2571 1442 2652 Ε,
1470 2572 1544 2652 Ζ,
1571 2570 1659 2651 Η,
1686 2571 1761 2652 Θ,
1800 2570 1867 2631 et
1902 2571 1961 2631 Θ
1995 2589 2229 2653 aequa-

189 2674 268 2739 lis
317 2675 408 2741 sit
453 2673 762 2739 excessui.
847 2676 916 2737 et
959 2672 1182 2737 lineae·
1215 2677 1273 2737 Β
1322 2672 1666 2739 adiiciatur
1710 2674 1885 2738 linea
1929 2677 1977 2739 I
2014 2672 2225 2738 lineae

191 2783 247 2843 Θ
292 2780 617 2866 aequaIiS‚
668 2781 734 2843 Γ
771 2782 990 2843 autem
1035 2779 1246 2843 lineae
1292 2778 1469 2843 linea
1514 2783 1584 2843 K
1625 2779 1831 2843 lineae
1877 2781 1956 2843 H
1992 2800 2224 2861 aequa-

189 2886 297 2971 lis,
367 2891 433 2950 A
497 2888 718 2951 autem
779 2885 990 2949 lineae
1055 2884 1228 2949 linea
1281 2887 1345 2947 A
1407 2885 1619 2949 lineae
1675 2888 1730 2948 Z
1786 2882 2101 2968 aequalis,
2165 2888 2234 2947 Ε

191 2996 412 3057 autem
473 2991 686 3055 lineae
745 2990 924 3055 linea
986 2994 1075 3054 M
1123 2990 1335 3056 lineae
1390 2993 1455 3054 E
1506 2990 1829 3074 aequalis,
1895 2993 1950 3053 Z
2006 2993 2225 3055 autem

339 3200 392 3269 1)
429 3198 576 3253 Nam
615 3193 854 3265 ἐναλλάξ
891 3199 1001 3252 est:
1039 3199 1136 3256 ΞΙ
1161 3219 1175 3252 =
1205 3200 1324 3256 ΞΓ
1346 3223 1414 3244 ==
1443 3200 1555 3253 ΚΕ
1585 3220 1599 3253 :
1628 3202 1751 3267 KB,
1788 3197 1935 3254 unde
1976 3194 2223 3253 διελόντι

199 3272 572 3329 1P257P=
601 3272 706 3323 ΒΕ
735 3290 748 3323 =
778 3273 911 3335 KB3
947 3270 1071 3323 tum
1112 3263 1368 3334 ἐναλλάξ.

334 3358 390 3427 2)
441 3357 695 3413 Fortasse
734 3355 1088 3411 scribendum
1125 3355 1223 3410 lin.
1265 3362 1357 3412 14:
1397 3351 1608 3413 ἕκάστα
1647 3358 1758 3411 ἴσα
1795 3358 1883 3431 τᾷ.

1828 3620 1902 3675 3*
