2659 3967
455 170 585 236 154
647 171 1035 225 13:111an
1070 173 1299 226 ΙΣΟΡΡ.
1339 174 1395 224 H
1427 173 1715 225 KENTPA
1749 172 1991 225 ΒΑΡΩΝ
2025 173 2244 227 ΕΠΙΠ.
2283 166 2352 223 Α’

448 315 533 402 τᾷ
598 309 865 404 εὐθείᾳ,
942 311 1111 382 ὥστε
1164 316 1302 382 τῶν
1358 319 1507 399 ΕΓ,
1561 318 1688 382 ΓΔ
1742 315 1879 381 ἐστι
1933 310 2171 381 κοινὸν
2225 313 2496 400 μέτρον.
2634 377 2635 392 ,

450 424 622 487 ἔστω
678 417 764 507 δὴ
820 417 897 488 τὸ
944 427 1046 506 Ν,
1102 421 1214 488 καὶ
1266 429 1522 489 κείσθω
1576 424 1659 508 τᾷ
1714 419 1837 507 μὲν
1885 424 2020 487 ΕΓ
2055 427 2169 488 ἶσα
2215 419 2498 506 ἑκατέρα
2633 415 2635 426 '

448 528 577 594 τᾶν
606 527 775 611 ΔΗ,
804 533 969 611 ΔΚ,
995 529 1079 616 τᾷ
1109 525 1185 594 δὲ
1216 531 1358 597 ΔΓ
1385 535 1499 594 ἶσα
1527 524 1570 594 ἁ
1602 534 1752 596 ΕΛ.
1813 527 1928 594 καὶ
1957 526 2097 594 ἐπεὶ
2134 533 2248 592 ἶσα
2285 523 2328 594 ἆ
2353 533 2506 596 ΔΗ
2635 544 2637 634 3

1435 671 2194 1335 Q

1405 1223 1626 1382 2-÷

727 1285 1162 1329 —-————{

772 671 781 1158 ἱ
1016 897 1059 946 Α
1299 670 1309 1158 Ι

702 1223 751 1326 A
1128 1223 1178 1274 Ε

936 1365 1001 1417 Ν

901 1433 1007 1470 1--1

454 1543 537 1628 τᾷ
585 1545 731 1626 ΓΕ,
779 1547 893 1608 ἴσα
937 1539 1050 1608 καὶ
1096 1537 1139 1608 ἆ
1188 1547 1331 1609 ΔΓ
1366 1544 1449 1631 τᾷ
1496 1546 1650 1609 ΕΗ.
1735 1538 1904 1610 ὥστε
1947 1539 2060 1608 καὶ
2109 1536 2152 1607 ἁ
2199 1546 2336 1608 ΛΕ
2377 1549 2495 1607 ἴσα

377 1659 417 1709 ὅ
454 1650 536 1736 τᾷ
584 1653 739 1715 ΕΗ.
807 1651 1126 1716 διπλασία
1174 1646 1304 1738 ἄρα
1351 1645 1394 1716 ἁ
1443 1647 1567 1736 μὲν
1605 1650 1752 1716 ΛΗ
1792 1651 1912 1727 τᾶς
1949 1652 2103 1733 ΔΓ,
2149 1643 2192 1714 ἁ
2233 1645 2308 1714 δὲ
2345 1653 2500 1715 ΗΚ

454 1758 571 1834 τᾶς
626 1760 768 1823 ΓΕ.
862 1753 1031 1824 ὥστε
1094 1754 1169 1824 τὸ
1231 1761 1311 1824 Ν
1365 1755 1476 1823 καὶ
1542 1755 1861 1842 ἑκατέραν
1923 1757 2051 1822 τᾶν
2108 1758 2278 1840 ΛΗ,
2346 1760 2497 1822 ΗΚ

456 1871 700 1949 μετρεῖ,
740 1860 1092 1951 ἐπειδήπερ
1127 1861 1240 1944 καὶ
1275 1859 1358 1930 τὰ
1395 1858 1637 1949 ἡμίσεα
1674 1857 1907 1928 αὐτᾶν.
1967 1859 2080 1927 καὶ
2111 1857 2258 1928 ἐπεί
2288 1862 2496 1948 ἐστιν,

456 1962 547 2046 ὥς
592 1964 669 2034 τὸ
718 1977 784 2034 A
827 1968 979 2053 ποτὶ
1028 1968 1103 2036 τὸ
1152 1977 1233 2056 Β,
1283 1967 1497 2050 οὕτως
1542 1965 1584 2036 ἆ
1625 1973 1767 2036 ΔΓ
1803 1967 1954 2036 ποτὶ
1994 1972 2141 2054 ΓΕ,
2189 1963 2280 2048 ὥς
2327 1966 2403 2036 δὲ
2449 1965 2495 2035 ἆ

460 2078 602 2140 ΔΓ
636 2073 788 2141 ποτὶ
837 2079 982 2160 ΓΕ,
1030 2072 1243 2156 οὕτως
1288 2072 1331 2141 ἆ
1381 2081 1531 2143 ΛΗ
1567 2074 1718 2143 ποτὶ
1755 2080 1931 2142 ΗΚ·
2004 2079 2322 2142 διπλασία
2359 2073 2496 2162 γὰρ

345 2193 420 2244 ,10
457 2178 734 2267 ἑκατέρα
780 2179 1117 2268 ἑκατέρας·
1175 2179 1288 2248 καὶ
1336 2177 1427 2261 ὥς
1471 2179 1604 2268 ἄρα
1648 2178 1725 2249 τὸ
1755 2191 1821 2248 A
1855 2179 2009 2248 ποτὶ
2046 2177 2122 2249 τὸ
2151 2189 2232 2268 Β,
2281 2177 2499 2262 οὕτως

458 2281 501 2351 ἁ
540 2291 691 2354 ΛΗ
725 2285 878 2353 ποτὶ
916 2292 1079 2355 ΗΚ.
1154 2283 1586 2355 ὁσαπλασίων
1633 2287 1715 2355 δέ
1755 2287 1936 2354 ἐστιν
1982 2283 2025 2354 ἆ
2066 2293 2215 2355 ΛΗ
2247 2291 2366 2367 τᾶς
2402 2294 2498 2374 Ν,

456 2398 1054 2461 τοσαυταπλασίων
1111 2397 1275 2462 ἔστω
1331 2391 1411 2462 τὸ
1462 2403 1527 2462 A
1569 2397 1694 2463 τοῦ
1743 2400 1814 2461 Ζ.
1907 2397 2090 2461 ἔστιν
2135 2392 2269 2482 ἄρα
2315 2392 2406 2475 ὥς
2453 2392 2499 2462 ἆ

459 2504 611 2566 ΛΗ
647 2498 799 2566 ποτὶ
845 2506 945 2587 Ν,
994 2499 1208 2581 οὕτως
1250 2499 1327 2569 τὸ
1378 2511 1443 2570 A
1487 2500 1639 2568 ποτὶ
1688 2507 1760 2570 Ζ.
1852 2503 1989 2568 ἔστι
2038 2499 2113 2569 δὲ
2142 2501 2269 2574 ,καὶ
2316 2499 2407 2582 ὥς
2453 2497 2499 2568 ἆ

460 2611 615 2672 ΚΗ
668 2605 822 2673 ποτὶ
881 2613 1050 2693 ΛΗ,
1117 2605 1332 2688 οὕτως
1387 2605 1462 2675 τὸ
1510 2615 1568 2675 Β
1623 2607 1776 2674 ποτὶ
1822 2617 1907 2676 Α.
2000 2604 2090 2676 δι’
2156 2617 2311 2677 ἴσου
2364 2607 2502 2697 ἄρα

348 2727 421 2778 15
462 2712 643 2780 ἐστὶν
691 2709 782 2793 ὥς
828 2709 871 2780 ἁ
916 2718 1072 2780 KH
1106 2713 1259 2782 ποτὶ
1304 2720 1396 2800 Ν,
1445 2711 1660 2794 οὕτως
1703 2711 1779 2781 τὸ
1828 2721 1886 2781 Β
1932 2713 2085 2781 ποτὶ
2134 2721 2206 2783 Ζ.
2281 2714 2502 2796 ἰσάκις

459 2817 593 2906 ἄρα
637 2825 1158 2888 πολλαπλασίων
1204 2820 1387 2888 ἐστὶν
1434 2817 1477 2887 ἆ
1524 2826 1678 2888 ΚΗ
1714 2824 1834 2900 τᾶς
1878 2825 1951 2887 Ν
1992 2819 2106 2888 καὶ
2151 2819 2228 2888 τὸ
2267 2829 2325 2889 Β
2369 2827 2500 2890 τοῦ

462 2931 535 2992 Ζ.
608 2929 881 3014 ἐδείχθη
949 2925 1024 2994 δὲ
1086 2929 1210 2994 τοῦ
1266 2933 1323 2998 Ζ
1377 2926 1490 2994 καὶ
1545 2925 1621 2995 τὸ
1680 2937 1746 2994 A
1798 2925 2307 2997 πολλαπλάσιον
2363 2926 2503 2997 ἐόν.

460 3029 630 3099 ὥστε
674 3029 751 3100 τὸ
801 3039 856 3098 Ζ
899 3034 1039 3100 τῶν
1084 3042 1170 3120 Α,
1218 3041 1276 3101 Β
1322 3033 1561 3102 κοινόν
1607 3037 1745 3102 ἐστι
1791 3035 2059 3122 μέτρον.
2137 3038 2498 3122 διαιρεθεί-

462 3157 583 3217 σας
638 3129 765 3206 οὖν
821 3141 938 3219 τᾶς
992 3138 1116 3224 μὲν
1162 3146 1309 3206 ΛΗ
1360 3144 1456 3220 εἰς
1498 3137 1617 3221 τὰς
1660 3143 1742 3231 τᾷ
1789 3145 1869 3208 Ν
1906 3149 2089 3228 ἴσας,
2141 3145 2266 3210 τοῦ
2315 3141 2390 3210 δὲ
2437 3151 2506 3210 Α

349 3265 422 3315 20
462 3246 558 3323 εἰς
610 3241 691 3311 τὰ
739 3247 831 3335 τῷ
882 3251 935 3310 Ζ
983 3253 1126 3331 ἴσα,
1180 3245 1263 3313 τὰ
1312 3248 1387 3315 ἐν
1432 3251 1514 3338 τᾷ
1562 3254 1712 3316 ΛΗ
1747 3246 2055 3334 τμάματα
2101 3249 2505 3336 ἰσομεγέθεα

458 3353 541 3438 τᾷ
586 3355 664 3418 Ν
712 3359 825 3417 ἴσα
880 3353 1165 3420 ἐσσείται
1220 3357 1312 3447 τῷ
1380 3351 1624 3440 πλήθει
1682 3367 1821 3433 τοῖς
1876 3355 1951 3422 ἐν
1999 3357 2092 3445 τῷ
2140 3363 2205 3422 A
2249 3352 2504 3441 τμαμά-

518 3543 537 3548 ·
604 3533 655 3582 3.
693 3526 826 3595 τᾶν]
866 3527 1165 3597 Torellius;
1203 3550 1316 3586 των
1353 3547 1456 3601 pet
1493 3547 1673 3600 comp.
1711 3529 1773 3601 F,
1811 3532 1877 3585 ut
1915 3529 2010 3586 lin.
2046 3537 2096 3585 6.
2207 3537 2258 3586 6.
2297 3550 2507 3602 εκατερ
