2659 3967
839 204 1056 259 mssua
1092 202 1657 261 ASSUMPTORUM.
2126 203 2260 272 429

224 348 493 439 ‹at-HR,
540 370 705 432 quae
752 350 941 413 erunt
988 350 1306 434 aequales,
1353 351 1550 434 atque
1597 351 1722 417 duo
1763 352 1989 437 anguli
2015 351 2261 438 ΗΠΒ,

223 456 308 523 H
307 454 456 522 BD
520 454 842 539 aequales.
935 457 1001 519 et
1064 456 1221 541 quia
1275 455 1403 522 duo
1469 444 1696 542 anguli
1757 456 2000 544 EGD,
2057 459 2262 525 EFB

223 565 381 627 sunt
425 560 606 644 recti,
638 564 847 646 atque
894 560 1021 626 duo
1060 563 1285 649 anguli
1310 561 1546 649 EGD,
1571 563 1734 632 ΒΗ
1730 564 1801 630 Β
1838 568 1991 630 sunt
2027 587 2260 651 aequa-

230 670 354 753 les,
407 668 841 734 remanebunt
895 669 1021 734 duo
1070 670 1295 755 anguli
1343 668 1583 754 GED,
1640 669 1878 757 G-DE,
1933 673 2045 758 qui
2088 672 2261 738 inter

226 796 297 841 se
352 778 417 841 et
470 774 722 840 duobus
782 776 1051 861 angulis·
1095 775 1181 841 H
1179 776 1327 842 DB
1335 827 1353 861 ,
1407 776 1493 841 H
1492 776 1641 842 BD
1693 778 1998 861 aequales
2055 783 2260 845 erunt.

230 902 387 967 ergo
426 882 705 967 angulus
731 880 954 948 EDG
992 883 1281 967 aequalis
1321 887 1422 949 est
1449 884 1690 969 angulo
1717 884 1957 969 DBF,
1994 887 2061 949 et
2092 906 2262 950 com-

227 1074 611 1129 Abilhasan
648 1071 806 1127 Hali
848 1074 981 1128 ben
1016 1074 1273 1129 Ahmad
1309 1075 1666 1133 Nosuensi.
1741 1076 2260 1146 propositiones

230 1144 577 1201 sexdecim
606 1144 1019 1219 („quindecim“
1048 1144 1263 1214 Foster,
1290 1148 1358 1201 ut
1383 1162 1444 1201 re
1470 1164 1606 1201 uera
1635 1151 1790 1211 sunt3
1827 1146 2084 1202 Borellus
2112 1148 2260 1203 male

228 1216 441 1271 adiecit
456 1216 834 1285 fragmentum
846 1214 1198 1271 Archimedis
1219 1217 1370 1286 apud
1386 1217 1684 1273 Eutocium
1705 1218 2025 1287 seruatum).
2053 1217 2263 1274 Thebit

228 1288 341 1343 ben
360 1287 512 1343 Kora
536 1288 683 1341 hanc
710 1286 1121 1355 praefationem
1148 1287 1442 1357 praemisit
1459 1288 1736 1357 (Borellus
1754 1307 1810 1358 p.
1826 1290 1979 1357 385):
2008 1288 2263 1362 „Asserit

228 1360 439 1414 Doctor
483 1357 874 1413 Almochtasso
920 1357 1082 1415 hunc..
1114 1356 1323 1412 librum
1369 1358 1564 1413 referri
1610 1360 1684 1412 ad
1728 1358 2150 1426 Archimedem,
2202 1360 2262 1414 in

229 1446 344 1498 quo
381 1430 511 1483 sunt
544 1427 957 1499 propositiones
990 1428 1406 1511 pulcherrimae
1441 1444 1658 1498 paucae
1693 1445 1927 1485 numero
1941 1471 1954 1497 ,
1991 1429 2262 1485 utilitatis

228 1516 365 1556 uero
402 1501 683 1554 maximae
720 1500 789 1554 de
826 1498 1117 1569 principiis
1153 1499 1516 1568 geometriae,
1555 1499 1804 1582 optimae
1833 1502 2004 1569 atque
2037 1502 2264 1571 elegan-

229 1570 499 1638 tissimae,
539 1588 677 1641 quas
717 1570 1091 1625 adnumerant
1123 1569 1466 1640 professores
1501 1571 1666 1628 huius
1706 1570 1974 1626 scientiae
2012 1587 2262 1627 summae

228 1641 715 1712 intermediorum,
751 1658 913 1717 quae,
933 1640 1050 1710 legi
1089 1642 1315 1723 oportet
1349 1641 1499 1695 inter
1535 1642 1744 1724 librum
1780 1640 2031 1725 Euclidis
2071 1645 2130 1726 et
2169 1642 2263 1697 Al-

232 1711 1166 1866 ffsfiezssssssassossffigsugffiffi
1195 1712 2266 1866 sssszffifssfigssfiffiff01122305331533?

234 1856 391 1911 dant.
466 1857 526 1910 et
570 1853 799 1923 quidem
842 1870 962 1923 ipse
999 1853 1360 1909 Archimedes
1398 1855 1502 1909 has
1537 1854 1815 1910 indicauit
1848 1856 2262 1925 propositiones

234 1925 773 2053 arsami?
797 1924 1392 2066 &flammea
1421 1925 2264 2067 uariarum

231 2068 706 2137 quemadmodum
750 2065 1256 2123 demonstrauimus
1302 2066 1365 2121 in
1411 2069 1604 2123 nostra
1641 2067 1992 2137 expositione
2027 2070 2263 2139 agentes

231 2142 305 2195 de
352 2139 675 2209 triangulis3
719 2156 936 2193 rursus:
984 2138 1458 2208 quemadmodum
1504 2139 2008 2194 demonstrauimus
2041 2140 2102 2193 in
2136 2156 2264 2209 pro-

234 2209 609 2281 positionibus
660 2208 1127 2279 quadrilaterum3
1186 2212 1246 2265 et
1288 2210 1488 2265 retulit
1531 2210 1591 2263 in
1636 2209 2020 2280 propositione
2068 2212 2267 2280 quinta

232 2282 770 2337 demonstrationem
805 2281 913 2335 hac
950 2280 1020 2335 de
1056 2298 1117 2335 re
1152 2280 1336 2349 magis
1372 2280 1728 2351 peculiarem.
1799 2280 2004 2337 deinde
2042 2298 2265 2350 compo-

233 2352 351 2406 suit
392 2352 683 2407 Abusahal
728 2350 944 2405 Alkuhi
988 2351 1221 2421 librum,
1270 2368 1441 2421 quem
1483 2351 1797 2422 inscripsit:
1855 2352 2266 2408 ordinationem

229 2422 367 2478 libri
401 2422 754 2479 Archimedis
805 2422 875 2477 de
922 2422 1225 2489 assumptis
1240 2464 1255 2491 ,
1306 2425 1367 2478 et
1409 2422 1682 2478 tractauit
1728 2423 2265 2479 demonstrationem

232 2492 403 2549 huius
447 2492 845 2564 propositionis
890 2493 985 2549 via
1030 2493 1427 2549 universaliori
1469 2511 1536 2549 ac
1583 2492 1804 2549 meliori
1822 2536 1836 2562 ,
1891 2510 1994 2548 nec
2039 2509 2154 2547 non
2199 2510 2268 2549 ea

232 2580 379 2633 quae
424 2565 745 2635 dependent
795 2580 863 2619 ex
911 2562 1317 2636 compositione
1354 2564 1750 2634 proportionis.
1827 2562 1978 2634 quod
2014 2564 2259 2633 quidem,

238 2651 367 2688 cum
402 2634 464 2687 id
500 2635 765 2705 comperi,
804 2636 1019 2691 attexui
1053 2636 1195 2691 locis
1234 2636 1646 2692 obscurioribus
1680 2634 1848 2690 huius
1885 2634 2019 2689 libri
2055 2635 2268 2703 exposi-

234 2702 451 2759 tionem
498 2720 597 2760 seu
632 2704 973 2775 marginales
1009 2706 1268 2777 postillae
1307 2708 1366 2761 et
1401 2706 1728 2761 confirmaui
1741 2749 1755 2775 ‚
1800 2706 1954 2775 quod
1989 2704 2089 2779 ille
2124 2705 2268 2777 indi-

236 2777 493 2843 cauerat,
529 2776 1035 2847 propositionibus,
1082 2777 1169 2831 uti
1202 2776 1613 2847 iudicaueram,
1659 2778 1719 2831 et
1753 2777 1922 2833 retuli
1959 2792 2028 2831 ex
2061 2793 2268 2846 propo·

238 2844 539 2901 sitionibus
573 2846 844 2911 Abihasal
883 2848 1021 2903 duas
1058 2847 1488 2917 propositiones,
1526 2848 1730 2918 quibus
1757 2864 1896 2917 opus
1925 2850 2013 2903 est
2039 2846 2114 2901 ad
2141 2862 2267 2917 pro-

234 2914 577 2988 positionem
624 2918 881 2988 quintam
927 2918 1322 2974 declarandam
1335 2961 1350 2987 ,
1395 2918 1615 2988 reliqua
1661 2918 1925 2974 omittens
1972 2917 2269 2973 breuitatis

237 2988 456 3059 gratia,
503 2991 563 3044 et
608 3004 675 3043 eo
723 2990 876 3059 quod
920 3006 1033 3045 non
1078 2990 1193 3045 sint
1236 2990 1636 3046 necessariae.“
1713 2988 1810 3045 cfr.
1848 2990 2141 3045 Wenrich:
2198 2988 2268 3045 de

240 3061 391 3114 auct.
430 3058 627 3115 Graec.
671 3076 813 3115 vers.
849 3061 1020 3115 Arab.
1064 3078 1119 3130 p.
1161 3067 1266 3115 192
1296 3079 1381 3131 sq.
1445 3078 1515 3117 ex
1557 3060 1648 3116 his
1692 3062 1944 3116 Arabum
1990 3076 2269 3116 commen-

236 3129 399 3185 tariis
435 3148 567 3185 usus
604 3148 744 3201 sum,
782 3146 927 3200 quae
964 3130 1105 3185 mihi
1141 3132 1306 3187 utilia
1341 3132 1467 3188 uisa
1501 3134 1647 3200 sunt,
1685 3132 1887 3187 ceteris
1917 3130 2168 3188 abiectis.
2199 3162 2268 3173 -·

242 3200 404 3257 Sicut
448 3200 696 3256 dubitari
732 3201 952 3271 nequit,
995 3201 1205 3257 librum
1240 3203 1452 3273 ipsum,
1498 3203 1726 3273 qualem
1761 3220 1912 3258 nunc
1945 3203 2268 3270 habeamus,

242 3272 318 3327 ab
354 3271 691 3329 Archimede
727 3272 1043 3343 profectum
1080 3289 1194 3328 non
1230 3290 1380 3343 esse,
1416 3275 1498 3329 ita
1531 3274 1654 3329 ueri
1689 3274 1872 3329 simile
1910 3276 2013 3341 est,
2051 3273 2269 3343 aliquas

237 3344 434 3399 tamen
477 3343 900 3414 proportionum
936 3344 1083 3412 eius,
1131 3361 1274 3417 quae
1308 3346 1426 3401 fere
1463 3345 1600 3401 satis
1637 3346 1778 3401 scite
1815 3346 1876 3401 et
1909 3344 2174 3399 inuentae
2212 3347 2272 3399 et

244 3414 661 3471 demonstratae
708 3416 863 3485 sunt,
910 3432 971 3471 re
1018 3432 1180 3486 uera,
1226 3418 1293 3471 ut
1337 3431 1474 3486 prae
1511 3432 1570 3471 se
1607 3416 1822 3485 ferunt,
1867 3413 2268 3471 Archimedeas

240 3501 384 3614 ἓὲἓο,
421 3487 519 3613 εὲἑί
554 3486 918 3623 εὸιιεωὴιίωᾼθὶ
929 3486 1327 3614 Ῑξιίὴιιθῖιὲᾶωέιὸ
1343 3486 1434 3589 sit,
1471 3486 1720 3544 nondum
1749 3486 1888 3543 satis
1917 3486 2269 3556 exploratum

419 3573 517 3616 c.
608 3574 739 3615 uaes
868 3575 1077 3630 rc.p.
1190 3589 1256 3601 --
1333 3590 1364 3631 ,4-
