2659 3967
514 144 611 200 DE
648 143 765 216 118,
804 144 1002 210 QUAE
1042 145 1125 200 m
1160 143 1454 200 Hnmno
1492 145 1922 202 UEHUNTUR.
2105 143 2244 210 393.

192 287 344 376 ΞΕ,
383 311 549 376 quae
585 290 800 376 possit
825 290 1161 356 dimidium
1200 290 1357 370 eiua,
1395 289 1570 376 quod
1607 291 1727 357 sub
1767 289 1936 376 KR,
1975 287 2137 376 Bae,
2177 295 2244 355 et

192 396 534 482 copuletur
577 417 745 481 quae
789 396 953 463 BE.
1024 395 1620 482 demonstrandum,
1666 397 1839 482 quod
1883 397 2101 483 portio
2149 396 2241 462 di-

198 1741 407 1808 missa
450 1741 520 1805 in
564 1740 933 1825 humidum,
978 1742 1053 1805 ut
1097 1740 1343 1805 dictum
1391 1743 1519 1825 est,
1565 1741 1886 1806 consistet
1927 1742 2243 1808 inclinata

190 1850 322 1933 ita,
384 1851 461 1914 ut
524 1847 663 1912 axis
730 1848 813 1914 ad
879 1847 1285 1932 superficiem
1349 1847 1602 1913 humidi
1662 1848 1864 1914 faeiat
1929 1850 2240 1934 angulum

193 1957 533 2041 aequalem
596 1956 836 2042 angulo
905 1953 1127 2022 EBae.
1188 1991 1267 2004 --·
1328 1954 1715 2021 demittatur
1777 1957 1953 2021 enim
2019 1957 2240 2042 aliqua
2278 1967 2311 2016 5

193 2063 411 2149 portio
458 2062 530 2128 in
573 2060 934 2146 humidum,
978 2065 1046 2127 et
1089 2061 1269 2126 basis
1315 2061 1526 2146 ipsius
1572 2083 1708 2128 non
1743 2065 1978 2147 tangat
2015 2084 2238 2148 super-

192 2170 408 2236 ficiem
452 2168 723 2235 humidi.
817 2171 883 2234 et
927 2168 985 2233 si
1029 2168 1347 2253 possibile
1395 2157 1522 2252 est,
1568 2169 1708 2234 axis
1754 2169 1958 2253 ipsius
2007 2168 2090 2234 ad
2137 2191 2240 2235 su-

195 2276 524 2360 perficiem
569 2275 825 2342 humidi
860 2298 997 2343 non
1029 2275 1233 2342 faeiat
1269 2275 1583 2360 angulum
1621 2277 1959 2361 aequalem
1997 2277 2237 2362 angulo

194 2382 293 2468 B,
356 2382 467 2448 sed
531 2383 745 2467 primo
810 2383 1147 2449 maiorem.
1248 2385 1426 2448 secta
1489 2385 1710 2448 autem
1762 2383 2067 2467 portione
2121 2404 2238 2468 per

195 2509 386 2553 axem
438 2490 641 2574 plano
694 2493 877 2556 recto
934 2491 1018 2556 ad
1072 2471 1482 2574 superficiem
1535 2487 1790 2566 humidi
1845 2489 2050 2554 sectio
2111 2490 2238 2553 erit
2278 2499 2346 2548 10

197 2615 361 2677 quae
415 2594 684 2661 APOL
746 2595 1111 2680 reetanguli
1175 2596 1358 2674 coni,
1391 2595 1593 2660 sectio
1661 2591 1838 2678 [περὶ
1895 2616 2054 2660 κων.
2105 2595 2235 2676 11],

198 2700 572 2787 superficies
620 2704 839 2765 autem
880 2699 1134 2766 humidi
1171 2721 1336 2784 quae
1367 2698 1511 2784 XS,
1559 2699 1698 2764 axis
1737 2703 1960 2765 autem
1999 2703 2066 2764 et
2101 2699 2236 2766 dia-

198 2807 407 2870 meter
441 2805 765 2890 portionis
804 2827 969 2891 quae
1004 2804 1154 2872 No.
1219 2805 1494 2870 ducatur
1531 2810 1750 2872 autem
1789 2808 1856 2869 et
1892 2827 2057 2890 quae
2096 2808 2235 2891 qui-

195 2913 342 2977 dem
370 2909 519 2978 PY
552 2912 1079 2996 aequedistanter
1123 2912 1254 2997 ipsi
1281 2910 1415 2978 XS
1457 2912 1840 2998 contingens
1879 2912 2234 2979 sectionem

191 3016 466 3084 APOL
510 3017 863 3084 secundum
907 3017 995 3104 P,
1040 3039 1206 3104 quae
1253 3021 1473 3084 autem
1516 3017 1675 3084 PM
1711 3019 2232 3105 aequedistanter
2272 3030 2342 3079 15

194 3124 326 3210 ipsi
371 3123 446 3190 N
452 3123 534 3208 O,
589 3145 757 3209 quae
814 3129 1032 3191 autem
1077 3125 1197 3191 PI
1239 3124 1795 3210 perpendicularis
1843 3148 2037 3211 super
2079 3127 2159 3190 Ν
2163 3125 2233 3211 0,

341 3240 409 3338 1.v
437 3281 580 3352 ΒΞ]
638 3282 771 3351 „x“
827 3282 1107 3338 Tar-talea..
1176 3262 1179 3268 ¹
1302 3287 1355 3336 ὅ.
1407 3282 1891 3353 „demonstratuff
1946 3281 2231 3338 Tar-talea.

196 3353 415 3425 aliqua]
454 3354 609 3409 delet
642 3353 883 3410 Niniue.
1017 3359 1099 3410 10.
1138 3352 1269 3424 erit]
1308 3353 1420 3408 sit?
1548 3359 1632 3410 11.
1671 3353 1913 3422 „quam“
1950 3351 2230 3409 Tartalea.

191 3431 291 3550 11ῗῇ
325 3423 688 3552 ευΡθτΧῇοὶἓὶΞ
715 3423 1064 3552 (εοὲέἱεὲᾶῇἐί).
1177 3425 1327 3498 XS]
1365 3428 1532 3496 ‚,ae8“
1560 3423 1844 3489 Tartalea‚
1878 3423 1974 3492 qui
2002 3423 2230 3480 omnino

217 3514 238 3549 1
292 3511 415 3551 eras
552 3511 583 3550 e
725 3512 791 3551 00
