2659 3967
817 200 916 256 DE
953 200 1198 257 LINEIS
1238 199 1679 258 SPIRALIBUS.
2170 202 2261 266 63

209 349 575 433 utrumque
606 348 734 413 sibi
758 348 976 434 ipsum
1006 336 1452 431 aequabiliter,
1480 350 1791 430 permeat.
1831 346 2106 430 vadparet
2134 347 2258 434 igi-

209 458 348 540 tur,
383 453 650 521 eandem
676 453 915 520 habere
940 455 1264 520 rationem
1291 456 1423 517 ΑΛ
1434 456 1602 537 τΑΕ,
1630 472 1826 538 quam
1857 474 2041 517 arcus
2072 457 2260 518 ΘΚΖ

471 604 556 662 A
1344 580 1494 625 cum
1538 562 1686 625 toto
1731 558 1985 623 ambitu
2028 560 2257 625 circuli

1344 666 1427 731 ad
1454 685 1675 731 arcum
1694 668 1832 730 ΘΚ
1837 669 1915 730 Η
1934 684 2080 730 cum
2106 668 2256 731 toto

1346 773 1597 840 ambitu
1646 771 1871 838 circuli
1918 774 2124 856 [prop.
2162 774 2260 853 2].

1480 882 1549 943 et
1613 878 1837 945 eodem
1892 878 2099 969 modo
2146 877 2256 945 de-

1347 985 1882 1068 monstrabimuS‚
1951 983 2150 1049 etiam
2198 984 2257 1047 si

1346 1092 1428 1157 ad
1496 1092 1805 1175 spiralem
1868 1090 2067 1156 tertia
2131 1090 2255 1155 cir-

1187 1173 1282 1235 M
1344 1197 1824 1263 cumuolutione
1858 1196 2256 1283 descriptam

1343 1304 1553 1369 lineae
1592 1304 1927 1389 ducantur,
1964 1287 2073 1368 eas
2110 1326 2255 1369 ean-

1344 1410 1489 1476 dem
1562 1409 1736 1475 inter
1799 1431 1868 1473 se
1932 1410 2255 1476 rationem

1344 1517 1688 1583 habituras
1728 1538 1887 1602 esse,
1926 1539 2119 1603 quam
2150 1539 2251 1581 ar-

211 1642 355 1705 cum,
403 1642 566 1705 quos
619 1622 1150 1709 significauimus‚
1198 1646 1344 1689 cum
1389 1628 1531 1691 toto
1579 1624 1833 1689 ambitu
1879 1624 2103 1689 circuli
2147 1624 2253 1707 bis

213 1730 505 1811 sumpto.
581 1730 647 1791 et
693 1728 920 1795 eodem
966 1728 1159 1795 medo
1209 1730 1407 1796 etiam
1452 1730 1659 1795 lineae
1708 1728 1791 1795 ad
1836 1733 2081 1795 ceteras
2122 1729 2251 1814 spi-

209 1834 386 1899 rales
445 1832 677 1899 ductae
732 1836 998 1899 eandem
1053 1836 1376 1901 rationem
1422 1836 1665 1900 habere
1714 1834 2253 1899 demonstrabun-

209 1944 344 2025 tur,
383 1962 581 2025 quam
619 1963 827 2025 arcus,
863 1962 1026 2025 quos
1065 1941 1597 2027 significauimus,
1633 1963 1779 2006 cum
1814 1943 1961 2006 toto
2000 1940 2251 2006 ambitu

212 2046 444 2112 circuli
506 2048 703 2113 toties
767 2052 1057 2133 sumpte,
1121 2048 1373 2133 quoties
1438 2048 1685 2113 indicat
1746 2069 2054 2113 numerus
2116 2070 2250 2113 uno

212 2154 432 2218 minor
475 2156 798 2235 [numero]
837 2154 1430 2239 circumactionum‚
1467 2154 1666 2219 etiam
1711 2154 1767 2219 si
1804 2155 2009 2220 altera
2045 2154 2251 2219 linea-

214 2283 367 2327 rum
416 2260 760 2327 ductarum
806 2260 877 2326 in
921 2260 1275 2325 terminum
1321 2262 1581 2345 spiralis
1627 2261 1892 2327 incidat.

1147 2524 1324 2593 XVI.

355 2666 427 2733 Si
482 2667 792 2753 spii-alem
837 2669 1052 2753 prima
1097 2668 1597 2737 circumactione
1640 2668 2029 2749 descriptam
2074 2667 2251 2731 linea

215 2779 400 2840 recta
465 2775 813 2860 contingit,
879 2778 944 2839 et
1007 2797 1046 2839 a
1108 2776 1363 2858 puncto⁴
1416 2773 1723 2838 tactionis
1781 2772 1863 2837 ad
1915 2776 2251 2856 punctum,

217 2882 393 2967 quod
437 2881 830 2967 principium
879 2882 1138 2966 spiralis
1185 2883 1326 2965 est‚'
1366 2880 1539 2945 linea
1582 2882 1761 2943 recta
1806 2877 2090 2961 ducitur,
2138 2899 2249 2942 an-

217 2988 386 3073 guli,
443 3010 608 3073 quos
661 2988 836 3053 linea
890 2987 1276 3073 contingens
1333 3008 1479 3051 cum
1524 2984 1699 3049 linea
1742 2983 1825 3049 ad
1870 3004 2011 3047 eam
2054 2983 2251 3048 ducta

217 3094 450 3179 efficit,
517 3096 890 3181 inaequales
950 3097 1178 3178 erunt,
1251 3096 1318 3157 et
1380 3092 1659 3177 angulus
1669 3142 1686 3175 ,
1758 3090 1871 3176 qui
1937 3090 2010 3154 in
2062 3112 2247 3174 prae-

221 3202 602 3267 cedentibus
659 3205 784 3287 est,
841 3201 1114 3266 obtusus
1171 3200 1320 3284 erit,
1372 3198 1655 3283 angulus
1713 3199 1958 3281 autem,
2013 3197 2125 3281 qui
2176 3198 2248 3263 in

221 3308 648 3395 sequentibus
696 3313 812 3394 est,
859 3312 1103 3375 acutus.

371 3432 462 3496 sit
490 3433 770 3518 spirah'S,
806 3432 876 3499 in
904 3454 1031 3518 qua
1061 3432 1194 3496 sint
1221 3434 1465 3517 puncta
1492 3436 1573 3514 A,
1590 3416 1685 3512 'B,
1711 3430 1787 3511 Γ,
1815 3432 1900 3510 Δ,
1927 3431 2001 3511 Θ,
2036 3428 2249 3509 prima

221 3540 724 3616 circumactione
771 3539 1114 3622 descripta.
1177 3542 1244 3603 et
1291 3538 1378 3603 sit
1411 3540 1725 3621 punctum
1753 3541 1817 3599 A
1852 3532 2249 3619 principium
