2659 3967
394 148 529 214 280
1006 101 1012 109 ⁸
1204 147 1619 199 ΨΑΜΜῙΤΗΣ.

394 295 462 383 ρ’
510 294 926 384 μυριάδεσσι.
1008 292 1119 360 καὶ
1165 291 1305 360 ἐπεὶ
1354 293 1428 358 αἱ
1469 290 1592 378 μὲν
1635 295 1773 360 τῶν
1818 297 2062 377 τρίτων
2110 287 2423 382 ἀριθμῶν

393 402 555 470 δέκα
601 401 922 491 μυριάδες
968 396 1505 477 δυοκαιεικοστός
1542 399 1722 465 ἐστιν
1759 393 1892 465 ἀπὸ
1930 398 2226 485 μονάδος
2263 397 2424 466 ἀνά-

392 516 620 595 λογον,
669 510 744 575 αἱ
787 506 864 576 δὲ
909 507 975 596 ρ’
1016 506 1349 598 μυριάδες·
1373 507 1658 593 ἕβδομος
1693 504 1826 575 ἀπὸ
1865 506 2163 592 μονάδος
2201 510 2267 574 ἐκ
2301 510 2426 585 τᾶς

394 613 603 695 αὐτᾶς
666 614 1061 701 ἀναλογίας,
1136 617 1378 699 δῆλον,
1453 610 1544 692 ῶς
1608 609 1645 680 ὁ
1709 613 2073 700 γενόμενος
2139 617 2421 682 ἐσσείται

322 743 355 790 5
396 719 983 802 ὀκτωκαιεικοστὸς
1031 723 1101 789 ἐκ
1137 724 1255 800 τᾶς
1294 717 1499 799 αὐτᾶς
1535 717 1900 806 ἀναλογίας
1936 717 2068 787 ἀπὸ
2105 718 2420 806 μονάδος.

391 830 529 896 τῶν
584 827 661 896 δὲ
716 825 889 895 ὀκτὼ
946 827 1057 894 καὶ
1104 834 1313 894 εἴκοσι
1359 825 1618 894 τούτων
1666 824 1836 894 ὀκτὼ
1885 824 2009 912 μὲν
2055 829 2127 893 οἱ
2166 824 2422 914 πρῶτοι

391 933 523 1002 σὺν
578 937 661 1022 τᾷ
716 933 963 1020 μονάδι
1018 938 1155 1001 τῶν
1200 931 1482 1020 πρῶτων
1526 932 1960 1017 καλουμένων
2007 933 2173 1016 ἐντί,
2229 934 2299 999 οἱ
2342 930 2424 1000 δὲ

392 1041 553 1129 μετὰ
599 1038 880 1118 τούτους
925 1037 1119 1105 ἄλλοι
1166 1035 1338 1106 ὀκτώ
1383 1042 1520 1106 τῶν
1567 1040 1929 1128 δευτέρων,
1987 1039 2099 1132 καὶ
2146 1042 2217 1105 οἱ
2258 1036 2422 1125 μετὰ

390 1145 670 1226 τούτους
716 1143 887 1213 ὀκτὼ
932 1149 1069 1214 τῶν
1114 1151 1380 1232 τρίτων,
1426 1147 1497 1212 οἱ
1540 1145 1616 1213 δὲ
1660 1145 1883 1213 λοιποὶ
1927 1147 2241 1234 τέσσαρες
2281 1148 2422 1212 τῶν

288 1273 355 1321 10
392 1251 726 1340 τετάρτων
779 1253 1243 1338 καλουμένων,
1298 1251 1409 1318 καὶ
1466 1249 1502 1319 ὁ
1551 1257 1823 1338 ἔσχατος
1868 1249 2094 1321 αὐτῶν
2142 1255 2278 1320 ἐστι
2323 1279 2424 1338 χι-

389 1365 527 1426 λίαι
583 1359 873 1446 μονάδες
925 1363 1061 1426 τῶν
1114 1357 1447 1444 τετάρτων
1492 1355 1827 1445 ἀριθμῶν.
1918 1357 2220 1446 φανερὸν
2267 1351 2422 1444 οὖν,

391 1462 492 1533 ὅτι
538 1464 615 1534 τὸ
662 1469 785 1534 τοῦ
830 1464 1111 1552 ψάμμου
1156 1469 1418 1550 πλῆθος
1461 1468 1582 1532 τοῦ
1629 1465 1912 1551 μέγεθος
1959 1469 2229 1552 ἔχοντος
2266 1473 2422 1532 ἴσον

386 1575 469 1660 τᾷ
518 1578 774 1662 σφαίρᾳ
818 1576 901 1660 τᾷ
948 1570 1073 1640 τάν
1111 1571 1472 1660 διάμετρον
1510 1570 1756 1660 ἐχούσᾳ
1795 1575 2087 1639 σταδίων
2125 1570 2191 1660 ρ’
2231 1575 2420 1638 ἔλασ-

389 1678 516 1747 σόν
572 1681 753 1747 ἐστιν
809 1675 857 1765 ἦ
911 1684 1116 1766 χιλίαι
1172 1676 1462 1764 μονάδες
1515 1681 1651 1745 τῶν
1705 1675 2037 1765 τετάρτων
2083 1675 2421 1766 ἀριθμῶν.

284 1761 349 1888 ῙΞ
388 1784 592 1853 πάλιν
648 1784 725 1853 δὲ
780 1783 821 1852 ἆ
879 1798 1133 1873 σφαῖρα
1187 1782 1230 1850 ἀ
1284 1789 1530 1870 ἔχουσα
1575 1781 1700 1852 τὰν
1747 1783 2108 1872 διάμετρον
2155 1788 2421 1870 μυρίων

387 1896 680 1960 σταδίων
736 1895 1199 1959 πολλαπλασία
1251 1890 1389 1958 ἐστὶ
1444 1894 1563 1970 τᾶς
1617 1895 1908 1978 σφαίρας
1961 1893 2080 1970 τοῖς
2135 1890 2422 1978 ἐχούσας

385 1995 509 2066 τάν
571 1996 933 2088 διάμετρον
994 2003 1284 2067 σταδίων
1347 1997 1414 2084 ρ’
1474 2009 1618 2076 ταῖς
1672 1997 1740 2085 ρ’
1802 1996 2262 2086 μυριάδεσσιν.
2355 2003 2424 2065 εἰ

386 2097 513 2171 οὖν
559 2105 822 2191 γένοιτο
870 2105 941 2170 ἐκ
986 2106 1108 2171 τοῦ
1153 2102 1431 2190 ψάμμου
1477 2117 1733 2192 σφαῖρα
1776 2103 2138 2172 ταλικαύτα
2181 2103 2258 2172 τὸ
2307 2107 2420 2190 μέ-

384 2218 608 2296 γεθος,
656 2207 854 2277 ἁλίκα
901 2210 1081 2277 ἐστὶν
1127 2206 1168 2276 ἀ
1216 2222 1471 2296 σφαῖρα
1517 2206 1558 2276 ἀ
1608 2214 1853 2296 ἔχουσα
1889 2208 2015 2277 τάν
2053 2209 2422 2298 διάμετρον

278 2333 346 2381 20
386 2319 678 2382 σταδίων
724 2320 1015 2402 μυρίων,
1064 2318 1303 2401 δῆλον,
1355 2312 1458 2382 ὅτι
1503 2319 1790 2384 ἔλασσον
1838 2317 2121 2386 ἐσσείται
2167 2315 2243 2386 τὸ
2291 2321 2420 2385 τοῦ

382 2419 659 2507 ψάμμου
712 2424 975 2507 πλῆθος
1028 2425 1149 2488 τοῦ
1203 2422 1576 2508 γενομένου
1621 2423 1922 2510 ἀριθμοῦ
1967 2431 2420 2492 πολλαπλασι-

382 2531 713 2595 ασθεισᾶν
758 2531 883 2596 τάν
929 2531 1151 2615 χιλιᾶν
1196 2528 1520 2615 μονάδων
1556 2533 1692 2597 τῶν
1728 2529 2059 2618 τετάρτων
2096 2528 2420 2619 ἀριθμῶν

379 2646 523 2714 ταῖς
588 2632 655 2721 ρ’
716 2633 1171 2724 μυριάδεσσιν.
1265 2635 1403 2703 ἐπεὶ
1460 2632 1524 2702 δ’
1587 2639 1661 2703 αι’
1712 2635 1835 2723 μὲν
1888 2640 2026 2706 τῶν
2079 2636 2418 2726 τετάρτων

381 2737 697 2829 ἀριθμῶν
762 2747 967 2829 χιλίαι
1030 2740 1319 2829 μονάδες
1375 2740 1968 2823 ’ὀκτωκαιεικοστός
2033 2745 2214 2811 ἐστιν
2277 2742 2414 2810 ἀπὸ

272 2863 341 2912 25
382 2847 679 2934 μονάδος
741 2846 1112 2936 ἀνάλογον,
1178 2852 1253 2916 αἰ
1314 2848 1380 2917 δ’
1447 2847 1689 2917 ἑκατὸν
1753 2848 2073 2938 μυριάδες
2125 2851 2418 2937 ἕβδομος

378 2950 512 3020 ἀπὸ
570 2953 871 3039 μονάδος
926 2957 996 3023 ἐκ
1041 2960 1159 3035 τᾶς
1216 2952 1428 3035 αὐτοῖς
1471 2953 1865 3043 ἀναλογίας,
1921 2961 2165 3044 δῆλον,
2223 2955 2325 3025 ὅτι
2374 2954 2415 3024 ὁ

379 3058 741 3145 γενόμενος
797 3061 1080 3128 έσσείται
1136 3064 1207 3130 ἐκ
1261 3066 1383 3141 τᾶς
1435 3065 1644 3142 αὖτᾶς
1697 3059 2061 3150 ἀναλογίας
2105 3065 2418 3152 τέταρτος

376 3164 488 3232 καὶ
542 3165 930 3254 τριακοστὸς
984 3164 1115 3234 ἀπὸ
1174 3166 1488 3254 μονάδος.
1579 3171 1716 3236 τῶν
1772 3167 1848 3236 δὲ
1902 3168 2251 3256 τεσσάρων
2295 3168 2412 3235 καὶ

522 3366 604 3416 15.
644 3357 755 3444 δέ]
781 3360 1003 3430 scripsi·
1040 3362 1112 3431 δη
1140 3359 1200 3429 F,
1238 3362 1426 3433 uulgo.
1535 3363 1837 3433 μκυρίων-
1858 3359 2162 3433 διάμετρον
2199 3363 2296 3420 lin.
2331 3369 2398 3418 1⁷

371 3433 703 3502 repetuntur
738 3432 798 3486 in
832 3432 904 3498 F3
942 3433 1212 3504 expunxit
1244 3449 1446 3488 manus
1486 3436 2116 3503 1.17.μυριαδεσιν
2151 3435 2222 3501 Ἐς
2261 3451 2402 3490 corr.

370 3499 440 3558 B.
590 3508 670 3557 19.
710 3503 946 3573 διαμετρ
990 3520 1117 3559 cum
1164 3519 1346 3574 comp.
1395 3524 1473 3559 ων
1510 3503 1582 3573 F3
1630 3521 1767 3560 corr.
1817 3505 1930 3559 BC.
2112 3511 2197 3560 20
2238 3509 2411 3560 ελασσ
