2659 3967
426 183 556 248 288
1234 187 1650 242 ΨΑΜΜῙΤΗΣ.

426 328 633 394 ἐοῦσα
680 331 972 396 σταδίων
1019 325 1331 414 μυριάκις
1377 326 1726 413 μυριάδων
1773 326 1864 416 ρ’,
1913 331 2148 415 δῆλον,
2195 327 2302 397 ὅτι
2349 331 2464 398 καὶ

423 436 545 501 τοῦ
593 431 873 518 ψάμμου
916 431 993 501 τὸ
1042 436 1305 520 πλῆθος
1349 436 1473 560 ’τοῦ
1521 434 1804 519 μέγεθος
1850 439 2118 522 ἔχοντος
2165 443 2318 504 ἴσον
2368 462 2462 504 τοι

424 538 653 631 κόσμῳ
730 538 1017 608 ἔλασσόν
1094 540 1274 606 ἐστιν
1339 566 1381 625 η
1460 566 1520 628 ,α
1592 539 1883 626 μονάδες
1944 545 2081 610 τῶν
2145 541 2464 628 ἑβδόμων

424 643 759 732 ἀριθμῶν.
852 643 956 712 ὅτι
1014 645 1138 732 μὲν
1200 637 1328 713 οὖν
1387 643 1464 713 τὸ
1518 649 1642 714 τοῦ
1697 645 1974 733 ψάμμου
2027 653 2290 734 πλῆθος
2333 653 2464 716 τοῦ

354 764 385 812 5
425 753 710 838 μέγεθος
738 757 1007 839 ἔχοντος
1037 760 1187 820 ἴσον
1216 755 1307 844 τῷ
1338 748 1470 820 ὑπὸ
1498 756 1636 820 τῶν
1665 758 1992 821 πλείστων
2021 751 2462 841 ἀστρολόγων
2557 761 2576 768 ’

423 859 815 948 καλουμένῳ
880 859 1105 949 κόσμῳ
1170 858 1454 926 ἔλασσόν
1519 859 1699 926 ἐστιν
1757 854 1800 944 ἢ
1861 885 1920 949 ἀ
1975 859 2263 945 μονάδες
2317 865 2462 928 τῶν

426 964 736 1050 ἑβδόμων
791 961 1139 1051 ἀριθμῶν,
1196 967 1542 1032 δεδείκται.
1633 961 1738 1032 ὅτι
1794 963 1870 1032 δὲ
1913 966 2026 1032 καὶ
2071 964 2148 1033 τὸ
2193 970 2460 1052 πλῆθος

424 1074 548 1137 τοῦ
594 1069 875 1155 ψάμμου
918 1074 1041 1138 τοῦ
1088 1072 1374 1157 μέγεθος
1418 1075 1686 1156 ἔχοντος
1732 1079 1884 1138 ἴσον
1929 1075 2012 1159 τᾷ
2061 1076 2314 1160 σφαίρᾳ
2349 1098 2463 1140 τα-

424 1174 727 1264 λικαύτςι,
766 1172 1007 1244 ἀλίκαν
1032 1172 1452 1264 Ἀρίσταρχος
1487 1173 1880 1244 ὑποτιθέται
1917 1173 2041 1244 τάν
2074 1181 2209 1245 τῶν
2247 1175 2461 1244 ἀπλα-

322 1295 387 1344 10
424 1283 599 1350 νέων
645 1279 935 1369 ἄστρων]
960 1296 1257 1370 σφαῖραν
1304 1279 1518 1367 εἶμεν,
1579 1281 1867 1350 ἔλασσόν
1915 1285 2097 1351 ἐστιν
2140 1279 2182 1370 ἦ
2234 1309 2294 1375 ια
2341 1309 2462 1369 μυ-

323 1387 652 1476 12ριάδες
696 1391 833 1456 τῶν
880 1386 1146 1474 ὀγδόων
1192 1386 1540 1475 ἀριθμῶν,
1597 1389 2037 1474 δειχθησέται.
2131 1390 2269 1458 ἐπεὶ
2323 1388 2458 1478 γὰρ

422 1490 798 1580 ὑποκείται,
857 1493 982 1562 τάν
1038 1497 1167 1580 γᾶν
1221 1493 1341 1562 τὸν
1395 1493 1606 1562 αὐτὸν
1655 1499 1830 1580 ἔχειν
1877 1494 2088 1581 λόγον
2133 1494 2284 1562 ποτὶ
2330 1494 2458 1563 τὸν

421 1599 544 1688 ὑφ’
605 1598 799 1688 ἁμῶν
854 1602 1209 1689 εἰρημένον
1262 1599 1549 1687 κόσμον,
1608 1596 1692 1668 ὃν
1749 1605 1880 1688 ἔχει
1936 1600 2146 1688 λόγον
2192 1599 2229 1669 ὁ
2277 1605 2460 1688 εἰρη-

422 1709 622 1795 μένος
676 1707 927 1794 κόσμος
980 1707 1130 1776 ποτὶ
1184 1705 1310 1774 τὰν
1364 1711 1501 1775 τῶν
1547 1704 1904 1776 ἀπλανέων
1950 1707 2217 1797 ἄστρων
2265 1720 2460 1794 σφαῖ-

320 1827 385 1877 15
424 1841 576 1903 ραν,
624 1810 711 1883 ἄν
752 1812 1178 1901 Ἀρίσταρχος
1210 1795 1637 1898 ’ὑποτιθέταα
1682 1813 1795 1879 καὶ
1841 1817 1918 1880 αἱ
1949 1815 2290 1900 διαμέτροι
2326 1816 2458 1880 τᾶν

424 1924 727 2009 σφαιρᾶν
770 1918 894 1987 τὸν
940 1917 1151 1987 αὐτὸν
1197 1924 1416 2006 ἔχοντι
1463 1918 1672 2005 λόγον
1718 1917 1863 1987 ποτ’
1916 1917 2239 2005 ἀλλάλας,
2287 1915 2329 1984 ἆ
2379 1919 2458 1987 δὲ

419 2031 543 2096 τοῦ
579 2025 838 2110 κόσμου
874 2025 1223 2112 διάμετρος
1258 2029 1375 2106 τᾶς
1413 2027 1774 2114 διαμέτρου
1808 2028 1925 2106 τοῖς
1962 2029 2086 2111 γᾶς
2125 2029 2457 2093 δεδείκται

423 2132 727 2201 ἐλάσσων
784 2133 989 2200 ἐοῦσα
1044 2127 1085 2217 ἢ
1134 2137 1670 2219 μυριοπλασίων,
1718 2136 1929 2219 δῆλον
1977 2123 2135 2218 οὖν,
2193 2129 2296 2200 ὅτι
2341 2132 2456 2199 καὶ

421 2235 463 2305 ἆ
514 2237 865 2326 διάμετρος
909 2242 1030 2317 τᾶς
1061 2240 1199 2305 τῶν
1234 2234 1590 2306 ἀπλανέων
1627 2235 1894 2325 ἄστρων
1934 2243 2225 2325 σφαίρας
2263 2236 2457 2306 ἐλάσ-

315 2358 383 2406 20
422 2364 563 2412 σων
611 2343 791 2412 ἐστὶν
837 2339 879 2430 ἢ
923 2347 1427 2431 μυριοπλασίων
1463 2347 1582 2423 τᾶς
1609 2345 1980 2431 διαμέτρου
2015 2348 2138 2412 τοῦ
2173 2342 2453 2430 κόσμου.

422 2449 561 2519 ἐπεὶ
618 2448 694 2517 δὲ
741 2452 815 2516 ac
858 2455 1137 2537 σφαίραι
1181 2447 1575 2538 τριπλάσιον
1621 2449 1830 2536 λόγον
1878 2455 2095 2536 ἔχοντι
2142 2451 2286 2518 ποτ’
2336 2447 2455 2516 ἀλ-

419 2555 623 2637 λάλας
670 2558 795 2623 τᾶν
842 2557 1243 2643 διαμέτρων,
1292 2555 1628 2644 φανερόν,
1676 2553 1778 2623 ὅτι
1825 2552 1867 2622 ἆ
1914 2557 2050 2624 τῶν
2097 2553 2454 2622 ἀπλανέων

420 2662 687 2752 ἄστρων
744 2674 1027 2750 σφαῖρα,
1083 2657 1169 2728 ἃν
1210 2659 1635 2752 Ἀρίσταρχος
1679 2658 2104 2747 ὑποτιθέται,
2162 2661 2455 2729 ἐλάττων

421 2772 602 2840 ἐστιν
666 2766 709 2856 ἢ
775 2767 1084 2855 μυριάκις
1145 2773 1416 2855 μυρίαις
1479 2765 1877 2855 μυριάδεσσι
1935 2774 2455 2836 πολλαπλασίων

312 2848 401 2974 ἐξ
419 2881 542 2945 τοῦ
585 2877 863 2963 κόσμου.
928 2879 1251 2943 δεδείκται
1300 2875 1397 2959 δέ,
1447 2872 1548 2941 ὅτι
1594 2872 1670 2941 τὸ
1717 2876 1840 2940 τοῦ
1877 2874 2154 2960 ψάμμου
2190 2878 2458 2960 πλῆθος

418 2987 541 3048 τοῦ
565 2976 875 3069 ’μέγεθος
920 2987 1187 3068 ἔχοντος
1234 2989 1386 3048 ἴσον
1430 2982 1523 3072 τῷ
1570 2979 1798 3071 κόσμῳ
1847 2979 2133 3047 ἔλασσόν
2182 2982 2360 3048 ἐστιν
2409 2976 2454 3066 ἢ

564 3181 610 3230 1.
651 3193 865 3244 μυριων
903 3172 945 3226 F
984 3190 1121 3243 mg„
1171 3175 1213 3228 B
1250 3192 1364 3244 mg.
1547 3181 1596 3229 4.
1637 3165 1766 3246 οὖν]
1807 3174 2033 3244 scripsi3
2080 3194 2286 3245 ομοιως
2321 3178 2456 3244 post

422 3246 682 3300 lacunam
720 3251 752 3299 6
790 3245 1105 3298 litterarum
1133 3244 1196 3312 F,
1231 3247 1422 3316 uulgo·
1571 3251 1656 3301 10.
1696 3249 1865 3300 ελασσ
1899 3263 2027 3300 oum
2057 3262 2241 3314 comp.
2271 3265 2351 3299 ων
2379 3245 2452 3314 Ες

419 3334 557 3374 corr.
595 3315 717 3372 AB.
834 3321 916 3370 12.
955 3315 1084 3370 ποτὶ
1121 3313 1243 3388 τόν]
1281 3336 1410 3372 ποτι
1438 3337 1549 3372 των
1577 3317 1804 3387 (comp.)
1835 3315 1966 3383 FV;
2007 3333 2146 3372 corr.
2173 3317 2227 3370 V
2255 3316 2456 3370 eadem

418 3405 605 3453 manu,
642 3384 759 3441 BC.
888 3393 973 3441 16.
1012 3403 1185 3455 σφαιρ
1223 3404 1350 3442 oum
1391 3405 1570 3459 comp.
1609 3408 1688 3442 mv
1728 3387 1795 3455 13¹3
1837 3403 1975 3442 corr.
2015 3385 2130 3443 BC.
2252 3406 2456 3454 εχωντι

416 3458 487 3525 F;
527 3475 663 3514 corr.
703 3457 825 3512 BV.
1008 3453 1138 3512 ποτ’
1178 3461 1350 3522 αλλας
1385 3459 1458 3527 F3
1497 3476 1633 3514 corr.
1672 3458 1732 3512 Β.
1918 3463 2000 3512 18.
2041 3462 2454 3527 vatouloeutoev

418 3529 488 3594 F;
528 3545 664 3584 corr.
696 3527 924 3596 Wallis;
962 3531 1338 3598 μυριοπλασία
1368 3529 1433 3598 Β,
1462 3529 1512 3584 V
1551 3546 1579 3582 e
1611 3527 1972 3584 correcssione.
2083 3534 2168 3583 21.
2202 3524 2327 3582 ἐπεὶ
2356 3527 2450 3598 δέ]
