2659 3967
441 213 577 276 274
1250 213 1668 266 ΨΑΜΜΤΗΣ.

365 361 402 424 1
574 358 691 425 IV.
753 355 1030 424 Τούτων
1067 354 1145 424 δὲ
1177 358 1317 422 τῶν
1355 353 1477 440 μὲν
1503 351 1990 440 ὑποκειμένων,
2026 357 2162 422 τῶν
2202 353 2276 422 δὲ
2313 349 2482 420 ἀπο-

442 463 891 550 δεδειγμένων
954 459 1030 529 τὸ
1096 463 1539 547 προκείμενον
1605 461 2048 546 δειχθησέται.
2142 460 2280 528 ἐπεὶ
2341 456 2482 545 γὰρ

438 569 786 639 ὖποκείται
850 566 975 636 τὰν
1040 566 1400 652 διάμετρον
1451 568 1572 643 τάς
1625 565 1939 652 μάκωνος
1992 566 2082 653 μὴ
2141 566 2486 635 ἐλάσσονα

441 673 629 763 εἶμεν
700 671 743 762 ἢ
810 670 1466 761 τετρωκοστομόριον
1513 671 1879 758 δακτύλου,
1955 677 2201 759 δῆλον,
2277 671 2368 752 ὥς
2439 671 2487 739 ἆ

372 800 406 850 5
443 795 702 869 σφαῖρα
756 779 797 848 ά
858 784 1296 848 δακτυλιαίαν
1343 782 1584 864 ἔχουσα
1629 776 1755 844 τὰν
1802 778 2161 866 διάμετρον
2209 776 2292 846 ού
2339 785 2489 864 μεί-

400 895 574 976 ,ζων
630 887 813 955 ἐστὶν
868 883 911 973 ἢ
974 884 1143 954 ὥστε
1197 897 1442 971 χωρεῖν
1496 882 1808 969 μακωνας
1855 885 2318 974 ἑξακισμυρίας
2363 886 2490 952 καὶ

442 999 990 1080 τετρακισχιλίας·
1079 995 1199 1070 τοῖς
1270 988 1401 1076 γὰρ
1467 996 1760 1076 σφαίρας
1821 995 1942 1071 τᾶς
2005 991 2285 1078 ἐχούσας
2341 990 2487 1059 τάν

444 1099 807 1187 διάμετρον
877 1095 1531 1186 τετρωκοστομόριον
1605 1096 1943 1164 δακτύλου
2014 1105 2490 1166 πολλαπλασία

442 1205 625 1274 ἐστὶν
671 1208 762 1297 τῷ
810 1205 1137 1294 εἰρημένω
1184 1199 1472 1294 ἀριθμῷ.
1547 1205 1878 1271 δεδείκται
1921 1203 2050 1292 γάρ
2087 1215 2212 1290 τοι,
2261 1203 2369 1272 ὅτι
2409 1208 2495 1272 αἱ

336 1329 407 1379 10
443 1317 726 1398 σφαίραι
789 1309 1185 1398 τριπλάσιον
1248 1309 1455 1394 λόγον
1519 1313 1740 1394 ἔχοντι
1793 1309 1946 1377 ποτὶ
2001 1307 2294 1390 άλλάλας
2349 1315 2486 1378 τᾶν

362 1421 406 1485 2
443 1417 833 1503 διαμέτρων.
928 1416 1065 1485 ἐπεὶ
1132 1415 1208 1483 δὲ
1269 1411 1612 1482 ὑποκείται
1673 1414 1787 1481 καὶ
1840 1418 1964 1481 τοῦ
2019 1414 2298 1502 ψάμμου
2353 1416 2486 1484 τὸν

442 1519 743 1610 άριθμὸν
805 1527 928 1616 τοῦ
994 1530 1145 1590 ἴσον
1198 1525 1291 1614 τῷ
1346 1525 1464 1600 τᾶς
1516 1520 1828 1606 μάκωνος
1881 1522 2150 1607 μεγέθει
2205 1527 2487 1608 ἔχοντος

440 1630 728 1716 μέγεθος
772 1628 862 1716 μὴ
910 1634 1180 1716 μείζονα
1225 1625 1408 1714 εἶμεν
1444 1633 1727 1716 μυρίων,
1775 1631 2010 1714 δῆλον,
2058 1627 2169 1714 ὥς,
2216 1633 2280 1696 εί
2312 1637 2486 1715 πλη-

441 1742 695 1822 ρωθείη
753 1734 1032 1822 ψάμμου
1087 1732 1132 1802 ἆ
1185 1746 1438 1820 σφαῖρα
1483 1729 1525 1799 ά
1574 1737 2011 1802 δακτυλιαίαν
2059 1739 2301 1822 ἔχουσα
2346 1733 2486 1802 τὰν

336 1861 402 1910 15
441 1842 833 1930 διάμετρον,
891 1839 973 1908 οὐ
1029 1847 1268 1928 μείζων
1319 1865 1405 1906 κα
1451 1847 1553 1924 εἴη
1602 1836 1640 1907 ὁ
1687 1838 1982 1928 ἀριθμὸς
2031 1844 2148 1908 τοῦ
2194 1839 2486 1927 ψάμμου

438 1943 481 2034 ἢ
540 1946 849 2035 μυριάκις
901 1945 981 2015 τὰ
1039 1944 1471 2032 ἑξακισμύρια
1521 1946 1635 2014 καὶ
1681 1952 2182 2035 τετρακισχίλια.
2277 1938 2488 2028 οὗτος

440 2055 521 2121 δέ
562 2056 744 2121 ἐστιν
791 2051 828 2121 ὃ
867 2051 1160 2142 ἀριθμὸς
1195 2051 1484 2139 μονάδες
1519 2079 1588 2120 τε
1625 2053 1690 2124 ς’
1728 2056 1865 2121 τῶν
1904 2054 2236 2140 δευτέρων
2276 2050 2481 2141 ἀριθ-

438 2163 585 2246 μῶν
629 2159 741 2227 καὶ
787 2164 925 2229 τῶν
968 2159 1250 2246 πρώτων
1297 2157 1619 2245 μυριάδες
1662 2164 2194 2245 τετρακισχιλίαι.
2281 2159 2482 2228 ἐλάσ-

438 2285 581 2333 σων
637 2259 763 2333 οὖν
820 2268 999 2334 ἐστιν
1045 2259 1088 2351 ἢ
1136 2263 1186 2330 ι’
1234 2263 1527 2350 μονάδες
1571 2267 1708 2332 τῶν
1755 2264 2088 2350 δευτέρων
2135 2261 2480 2352 ἀριθμῶν.

328 2393 400 2441 20
437 2368 480 2439 ἆ
530 2371 607 2440 δὲ
649 2376 787 2440 τῶν
833 2371 900 2458 ρ’
950 2369 1297 2438 δακτύλων
1345 2374 1589 2456 ἔχουσα
1636 2368 1761 2438 τὰν
1807 2369 2167 2457 διάμετρον
2215 2384 2480 2460 σφαῖρα

436 2483 899 2546 πολλαπλασία
954 2475 1135 2544 ἐστὶν
1187 2480 1304 2556 τᾶς
1351 2480 1786 2543 δακτυλιαίαν
1833 2475 2113 2562 ἐχούσας
2156 2475 2284 2544 τάν
2331 2477 2478 2544 διά·

436 2610 679 2671 μετρον
735 2590 1024 2673 σφαίρας
1078 2595 1220 2662 ταῖς
1275 2581 1343 2669 ρ’
1402 2580 1844 2671 μυριάδεσσιν
1902 2580 2014 2648 διὰ
2072 2580 2148 2650 τὸ
2195 2582 2476 2670 τριπλά-

436 2711 588 2758 σιον
619 2689 828 2777 λόγον
858 2695 1031 2778 ἔχειν
1059 2686 1205 2756 ποτ’
1242 2685 1535 2768 άλλάλας
1560 2690 1685 2756 τᾶν
1714 2689 2090 2775 διαμέτρων
2127 2687 2246 2768 τὰς
2272 2696 2476 2776 σφαί-

435 2824 572 2885 ρας.
664 2802 728 2866 εἰ
794 2787 922 2865 οὖν
988 2797 1251 2883 γένοιτο
1312 2796 1384 2861 ἐκ
1445 2799 1567 2862 τοῦ
1625 2795 1905 2882 ψάμμου
1976 2808 2232 2884 σφαῖρα
2294 2804 2476 2863 ταλι-

328 2923 397 2971 25
432 2902 645 2970 καύτα
682 2901 757 2971 τὸ
794 2905 1102 2990 μέγεθος,
1148 2898 1345 2969 ἁλίκα
1383 2901 1563 2969 ἐστὶν
1602 2899 1645 2967 ἆ
1683 2915 1940 2988 σφαῖρα
1977 2898 2019 2968 ά
2061 2906 2308 2988 ἔχουσα
2345 2901 2476 2970 τὰν

434 3007 797 3095 διάμετρον
851 3008 1200 3077 δακτύλων
1246 3006 1340 3094 ρ’,
1397 3011 1640 3094 δῆλον,
1697 3004 1788 3087 ὥς
1844 3005 2135 3076 ἐλάττων
2181 3008 2476 3076 ἐσσείται

434 3111 471 3184 ὁ
509 3118 632 3182 τοῦ
671 3113 950 3201 ψάμμου
986 3112 1282 3202 ἀριθμὸς
1317 3118 1440 3182 τοῦ
1475 3117 1846 3201 γενομένου
1883 3111 2184 3204 ἀριθμοῦ
2225 3120 2476 3180 πολλα-

578 3280 625 3330 5.
667 3279 883 3342 σφαῖρα
920 3268 984 3346 ἆ]
1024 3273 1247 3343 scripsi3
1296 3269 1335 3327 ἁ
1375 3291 1482 3329 om.
1521 3273 1590 3342 F,
1636 3274 1736 3328 uul
1777 3291 1828 3329 ο.
2012 3279 2063 3328 8.
2101 3290 2472 3342 τετρακοστο-

433 3365 631 3415 μοριον
666 3345 736 3410 F3
778 3362 917 3400 corr.
956 3344 1187 3400 Ahrens.
1356 3351 1438 3400 10.
1481 3364 1679 3414 εχωντι
1774 3367 1788 3412 3
1829 3360 1967 3399 corr.
2008 3344 2073 3399 V.
2239 3348 2324 3396 12.
2362 3344 2470 3398 τοῦ

434 3419 558 3470 ἴσον
594 3415 697 3486 τῷ]
740 3415 961 3486 scripsi3
1000 3435 1083 3477 εις
1118 3435 1181 3470 το
1220 3414 1282 3482 F,
1317 3417 1506 3484 uulg0.
1668 3435 1916 3486 μακονος
1950 3415 2022 3481 F;
2061 3429 2200 3468 corr.
2236 3412 2355 3468 BC.

434 3485 674 3556 μεγέθει
713 3485 938 3556 ἔχοντος
1001 3485 1222 3553 addidi3
1263 3504 1372 3541 om.
1410 3486 1473 3554 F,
1509 3487 1700 3554 uulgo.
1831 3492 1921 3540 13.
1959 3488 2085 3556 μειζ
2120 3501 2247 3539 cum
2284 3501 2470 3555 comp.

432 3575 499 3609 ον
535 3557 605 3625 F;
648 3574 789 3612 corr.
826 3557 901 3612 W
962 3556 1045 3611 lin.
1232 3563 1315 3610 14.
1356 3557 1456 3612 τοῦ
1495 3553 1732 3626 ψάμμου
1772 3555 2044 3610 GertziuS.
2219 3560 2301 3610 15.
2343 3559 2477 3626 μειζ
