2659 3967
1028 181 1463 237 ARENARIUS.
2151 181 2280 247 249

390 326 451 390 2.
499 325 731 391 deinde
768 327 1156 392 diametrum
1193 330 1406 392 terrae
1443 327 1754 392 maiorem
1795 349 1934 393 esse
1971 328 2288 394 diametro

255 431 476 516 lunae,
536 435 604 496 et
660 431 1045 497 diametrum
1104 433 1261 498 solis
1316 433 1633 498 maiorem
1688 433 2004 498 diametro
2058 439 2288 516 terrae,

254 561 480 604 rursus
556 538 782 604 eadem
856 562 1143 624 sumens,
1218 561 1384 625 quae
1451 540 1743 624 plerique
1807 541 2288 626 astrologorum

254 667 565 730 priorum.

391 771 451 834 3.
501 768 729 834 deinde
776 769 1167 834 diametrum
1214 767 1368 833 solis
1417 771 1753 854 aequalem
1792 791 1932 834 esse
1972 769 2287 835 diametro
2305 770 2347 834 9

254 875 447 939 lunae
516 875 735 940 tricies
802 879 1097 959 sumptae
1160 897 1279 940 nec
1343 876 1686 959 maiorem3
1761 897 2153 960 quamquam
2211 897 2287 941 ex

258 981 609 1068 astrologis
656 983 983 1066 prioribus
1020 981 1331 1046 Eudoxus
1380 1004 1524 1046 eam
1572 982 1888 1047 diametro
1936 981 2128 1046 lunae
2174 1003 2288 1047 no-

256 1087 395 1152 uies
452 1092 751 1173 sumptae
808 1087 1142 1172 aequalem
1198 1109 1340 1153 esse
1388 1087 1698 1174 declarat,
1753 1086 2023 1152 Phidias
2067 1091 2288 1154 autem

254 1192 595 1259 duodecies
672 1195 1000 1278 sumptae,
1074 1193 1492 1264 Aristarchus
1559 1199 1778 1259 autem
1843 1193 2289 1258 demonstrare

256 1303 527 1366 conatus
584 1305 685 1365 est
696 1352 714 1386 ,
768 1300 1154 1365 diametrum
1212 1300 1370 1365 solis
1418 1300 1732 1366 maiorem
1780 1321 1922 1365 esse
1969 1299 2285 1365 diametro

254 1406 447 1470 lunae
494 1405 901 1471 duodeuicies
950 1408 1228 1491 sumpta,
1274 1406 1594 1471 minorem
1631 1427 1786 1472 uero
1826 1405 2052 1471 eadem
2087 1406 2285 1472 uicies

256 1516 520 1595 sumpta
578 1511 1025 1592 [Aristarchus
1085 1512 1164 1576 de
1220 1511 1486 1578 distant.
1541 1533 1726 1596 prop.
1771 1513 1861 1592 9].
1954 1533 2077 1598 ego
2132 1533 2287 1577 uero

256 1639 405 1683 eum
472 1640 727 1704 quoque
792 1619 1130 1704 excedens,
1194 1622 1271 1683 ut
1324 1619 1731 1704 propositum
1789 1641 1909 1702 pro
1967 1622 2144 1684 certo
2203 1619 2290 1682 sit

258 1723 798 1809 demonstratum,
872 1747 1197 1810 suppono,
1272 1725 1659 1790 diametrum
1729 1723 1885 1788 solis
1951 1724 2288 1807 aequalem

254 1851 400 1895 esse
472 1833 663 1896 lunae
738 1831 1059 1896 diametro
1122 1832 1346 1896 tricies
1411 1831 1546 1896 fere
1611 1833 1908 1914 sumptae
1971 1851 2090 1894 nec
2153 1853 2288 1894 ma-

252 1958 480 2002 iorem.

390 2061 452 2125 4.
496 2063 834 2147 praeterea
888 2065 1104 2126 autem
1151 2060 1538 2126 diametrum
1585 2061 1741 2126 solis
1787 2061 2100 2126 maiorem
2147 2081 2286 2124 esse
2312 2061 2395 2124 10

252 2167 461 2231 latere
524 2167 774 2252 figurae
840 2167 1020 2232 mille
1082 2168 1363 2233 laterum
1424 2167 1662 2233 circulo
1721 2169 2004 2233 maximo
2062 2165 2288 2231 mundi

252 2273 625 2356 inscriptae.
716 2273 842 2338 hoc
901 2296 1056 2339 uero
1118 2295 1447 2359 suppono,
1509 2296 1654 2338 cum
1711 2273 2130 2339 Aristarchus
2189 2273 2286 2338 in-

252 2380 537 2464 uenerit,
600 2379 803 2445 solem
858 2382 1109 2462 partem
1167 2380 1816 2466 septingentesimam
1871 2380 2006 2445 fere
2063 2379 2285 2444 circuli

254 2485 500 2551 zodiaci
549 2507 689 2551 esse
737 2485 1065 2570 adparere,
1110 2485 1251 2571 ipse
1300 2489 1518 2552 autem
1565 2487 1690 2552 hoc
1729 2487 1921 2551 modo
1961 2487 2286 2550 scrutatus

252 2612 373 2678 per
430 2590 863 2666 instrumenta
922 2613 1067 2656 eum
1124 2592 1434 2677 angulum
1491 2591 1960 2676 deprehendere
2018 2593 2286 2656 conatus

256 2719 427 2780 sum,
502 2697 621 2762 cui·
687 2696 787 2762 sol
861 2699 1127 2781 aptatur
1212 2697 1522 2763 uerticem
1596 2699 1666 2762 in
1741 2697 1926 2763 oculo
1997 2696 2286 2762 habenti.

256 2823 482 2868 uerum
539 2801 797 2888 quidem
843 2804 1059 2886 ipsum
1107 2802 1584 2888 deprehendere
1636 2801 1900 2867 difficile
1947 2805 2046 2866 est
2060 2853 2077 2886 ,
2133 2803 2286 2886 quia
2309 2803 2385 2866 11

252 2931 463 2994 neque
518 2909 697 2974 uisus
752 2930 959 2993 neque
1003 2931 1235 2974 manus
1282 2929 1488 2994 neque
1533 2908 1995 2992 instrumenta,
2051 2906 2284 2993 quibus

252 3168 431 3235 λάνας
466 3171 531 3226 Β.
700 3177 781 3227 16.
821 3174 1011 3242 μειζον
1050 3172 1119 3239 Ἐς
1158 3187 1297 3227 corr.
1336 3170 1400 3227 Β.
1567 3177 1650 3226 19.
1690 3165 2022 3243 εὖρηκότος]
2060 3171 2282 3240 scripsi3

254 3261 543 3330 stennotog
577 3243 641 3311 F,
678 3243 869 3325 uulgo.
1035 3248 1120 3366 ξε.
1143 3239 1285 3325 '⁴159'oess
1322 3262 1436 3296 tow
1544 3261 1573 3296 r
1610 3259 1791 3329 comp.
1831 3243 1899 3307 1³3
1937 3259 2074 3297 corr.
2116 3242 2174 3297 B.

253 3312 463 3472 Ξςςςῑῆ
500 3313 835 3466 {aare
848 3330 1001 3440 <sm
1016 3314 1299 3438 aar?
1312 3311 1553 3454 <iz-pr
1567 3335 1704 3454 20:52
1741 3313 2193 3453 ςςὲῆςῆςῆῆς
2220 3383 2282 3439 F.

250 3455 509 3580 ακῗβέςέ
550 3455 1042 3581 εοτίἐέιέιςϊακρῖβεέ
1077 3453 1137 3580 Eg,
1184 3385 1373 3580 pulgo.
1554 3457 1660 3524 λαβ
1698 3472 1822 3510 cum
1859 3467 2043 3524 comp.
2063 3473 2154 3522 ην
2189 3453 2284 3508 uel

250 3545 308 3586 ιφ
389 3569 404 3596 ,
440 3543 479 3579 u
542 3543 597 3595 p.
802 3545 857 3580 m
865 3567 1234 3596 ....
