2659 3967
348 169 482 235 340
801 168 1417 222 ΤΕΤΡΑΓΩΝΙΣΜΟΣ
1454 169 1922 224 ΠΑΡΑΒΟΛΗΣ.

1318 326 1407 397 κ’.

483 462 579 522 Εἴ
614 479 700 521 κα
747 458 843 533 εἰς
887 448 1111 540 τμᾶμα
1155 451 1633 542 περιεχόμενον
1679 450 1810 521 ὑπό
1857 480 1927 521 τε
1964 452 2237 535 εὐθείας
2272 456 2389 521 καὶ

350 546 786 651 ὀρθογωνίου
841 558 1067 628 κώνου
1118 562 1326 645 τομᾶς
1370 564 1703 647 τρίγωνον
1750 560 2051 649 ἐγγραφῇ
2097 558 2221 627 τάν
2268 558 2390 628 αὗ-

345 665 478 735 τᾶν
524 666 728 754 βάσιν
775 650 942 755 ἔχον
976 670 1068 759 τῷ
1114 664 1402 753 τμάματι
1447 666 1560 733 καὶ
1597 663 1770 748 ὕψος
1810 665 1887 735 τὸ
1928 662 2117 752 αὐτό,
2161 673 2390 755 μεῖζον

275 790 310 839 5
349 775 640 842 ἐσσείται
685 772 760 843 τὸ
811 772 1144 861 ἐγγραφὲν
1179 778 1513 862 τρίγωνον
1550 770 1593 859 ἢ
1631 772 1840 861 ἥμισυ
1874 778 2000 844 τοῦ
2035 772 2391 862 τμάματος.

451 956 454 961 ,
489 884 656 949 ἔστω
704 881 834 968 γὰρ
880 878 954 947 τὸ
998 884 1204 947 ΑΒΓ
1241 883 1485 966 τμᾶμα,
1534 872 1684 948 οἷον
1730 878 2007 969 είρήται,
2051 879 2165 947 καὶ
2211 883 2391 967 ἐγγε-

349 986 652 1075 γράφθω
700 990 794 1065 εἰς
841 983 1007 1053 αὐτὸ
1053 990 1386 1074 τρίγωνον
1431 986 1507 1056 τὸ
1555 993 1765 1056 ΑΒΓ
1797 986 1922 1055 τὰν
1968 986 2185 1055 αὐτὰν
2231 992 2392 1074 ἔχον

350 1092 555 1179 βάσιν
609 1097 701 1185 τῷ
751 1090 886 1183 ὅλῳ
933 1091 1046 1158 καὶ
1089 1090 1265 1173 ὕψος
1309 1100 1480 1162 ἴσον.
1573 1092 1713 1161 ἐπεὶ
1759 1085 1887 1162 οὖν
1931 1093 2008 1162 τὸ
2055 1099 2394 1182 τρίγωνον

349 1203 443 1291 τῷ
496 1198 785 1286 τμάματι
839 1195 964 1265 τάν
1011 1194 1226 1265 αὐτὰν
1273 1204 1406 1286 ἔχει
1451 1198 1656 1286 βάσιν
1700 1199 1813 1267 καὶ
1857 1198 2035 1282 ὕψος
2079 1197 2154 1267 τὸ
2202 1196 2396 1285 αὐτό,

244 1325 311 1373 10
350 1303 754 1392 ἀναγκαῖον,
809 1302 885 1373 τὸ
934 1311 991 1371 Β
1053 1318 1331 1390 σαμεϊον
1377 1305 1691 1396 κορυφὰν
1738 1304 1921 1393 εἶμεν
1966 1309 2091 1375 τοῦ
2136 1304 2395 1395 τμάμος-

517 1436 588 1495 Δ
864 1439 952 1497 ,Β
1217 1435 1306 1497 z·
1363 1438 1495 1494 τος.
1570 1413 1995 1502 παράλληλος
2038 1410 2171 1502 ἄρα
2208 1414 2395 1483 ἐστὶν

1364 1516 1407 1586 ἆ
1466 1529 1532 1587 A
1542 1526 1608 1587 Γ
1662 1522 1744 1609 τᾷ
1799 1518 1964 1588 κατὰ
2012 1518 2090 1610 τὸ
2145 1528 2202 1588 Β
2260 1524 2398 1589 ἐπι-

1366 1627 1689 1717 ψαυούσᾳ
1732 1630 1851 1707 τᾶς
1894 1629 2117 1712 τομάς.
2194 1623 2394 1712 ἅχθω

1362 1728 1405 1799 ά
1492 1740 1633 1800 ΔΕ
1702 1730 1815 1800 διὰ
1886 1735 2011 1801 τοῦ
2080 1739 2137 1799 Β
2209 1730 2394 1819 παρὰ

249 1859 316 1909 15
1364 1836 1493 1906 τᾶν
1550 1845 1703 1926 ΑΓ,
1757 1839 1870 1907 καὶ
1926 1835 2057 1906 άπὸ
2111 1842 2248 1906 τῶν
2304 1848 2395 1924 A,

361 1954 419 2009 A
1069 1941 1152 1998 1⁷
1367 1950 1432 2012 Γ
1486 1946 1561 2012 αἰ
1614 1954 1787 2032 ΑΔ,
1843 1952 1973 2013 ΓΕ
2031 1941 2211 2033 παρὰ
2267 1942 2396 2013 τὰν

353 2054 734 2143 διάμετρον.
829 2052 1193 2121 πεσούνται
1251 2048 1335 2138 δὴ
1394 2050 1594 2120 αὐταὶ
1640 2050 1826 2132 ἐκτὸς
1870 2055 1995 2120 τοῦ
2041 2051 2397 2139 τμάματος.

353 2159 494 2228 ἐπεὶ
551 2150 678 2227 οὖν
733 2158 946 2248 ἥμισύ
1005 2162 1142 2228 ἐστι
1197 2157 1274 2226 τὸ
1322 2165 1534 2227 ΑΒΓ
1568 2162 1902 2249 τρίγωνον
1947 2160 2071 2226 τοῦ
2116 2164 2407 2228 ΑΔΕΓ

355 2266 1092 2356 παραλληλογράμμου,
1154 2265 1489 2355 φανερόν,
1550 2264 1653 2335 ὅτι
1708 2267 1932 2353 μεῖζόν
1988 2268 2170 2334 ἐστιν
2224 2260 2269 2349 ἢ
2316 2264 2396 2333 τὸ

244 2393 318 2442 2ο
354 2370 562 2461 ἥμισυ
606 2371 729 2441 τοῦ
776 2372 1130 2459 τμάματος.

1196 2569 1547 2622 ΠΟΡΙΣΜΑ.

498 2676 757 2746 Τούτου
820 2675 1251 2763 δεδειγμένου
1306 2677 1549 2761 δῆλον,
1607 2648 1907 2759 &tt-[059]
1958 2677 2024 2755 ἐς
2067 2677 2269 2742 τοῦτο
2316 2672 2397 2742 τὸ

352 2788 582 2872 τμᾶμα
631 2780 928 2852 δυνατόν
977 2785 1115 2851 ἐστι
1161 2779 1561 2867 πολύγωνον
1610 2778 1958 2868 ἐγγράψαι,
2007 2778 2174 2849 ὥστε
2211 2777 2398 2868 εἶμεν

354 2889 436 2958 τὰ
485 2888 1002 2978 περιλειπόμενα
1046 2886 1351 2975 τμάματα
1397 2884 1644 2967 παντὸς
1691 2886 2023 2955 ἐλάσσονα
2066 2891 2189 2956 τοῦ
2234 2910 2400 2976 προ-

252 3020 321 3069 25
359 2998 673 3075 τεθέντος
716 3000 986 3084 χωρίου.
1063 2991 1572 3083 ἀφαιρουμένου
1617 2991 1747 3081 γὰρ
1793 2993 1898 3063 ἀεὶ
1935 3000 2236 3082 μείζονος
2270 2998 2396 3064 τοί

501 3180 550 3227 2.
589 3172 805 3243 τμᾶμα]
844 3192 992 3242 τημα
1020 3171 1086 3239 F;
1127 3188 1266 3227 corr.
1295 3172 1597 3239 Torellius;
1636 3171 1823 3242 τμῆμα
1860 3172 2049 3240 uulgo,
2196 3177 2247 3227 3.
2286 3191 2379 3226 εν-

361 3264 556 3315 γραφη
594 3244 654 3298 F.
777 3248 827 3298 5.
869 3260 1025 3297 εσται
1049 3260 1163 3313 per
1197 3258 1378 3313 comp.
1415 3242 1477 3309 F,
1513 3244 1702 3311 uulgo,
1826 3261 2111 3313 τμηματος
2144 3242 2215 3309 F;
2256 3260 2401 3299 corr·

368 3315 664 3384 Torelliu8‚
703 3317 768 3370 ut
803 3314 901 3370 lin.
941 3320 994 3383 6,
1032 3320 1084 3384 9,
1126 3320 1208 3383 10,
1249 3320 1335 3383 17,
1373 3319 1459 3380 20,
1498 3320 1583 3369 23.
1770 3318 1852 3368 10.
1892 3332 2043 3368 ειναι
2077 3329 2179 3382 per
2216 3328 2402 3384 comp.

362 3386 432 3453 1³¹3
484 3404 620 3443 corr.
669 3384 961 3441 Torellius.
1110 3389 1191 3440 15.
1230 3384 1365 3455 τῶν]
1404 3404 1512 3439 ταν
1557 3384 1618 3440 F.
1766 3389 1849 3438 21.
1888 3381 2136 3455 πόρισμα
2183 3383 2401 3441 addidi.

367 3464 457 3511 22.
495 3455 726 3528 τούτου]
777 3475 885 3512 om.
922 3457 984 3522 1⁴¹3
1033 3473 1170 3512 corr.
1209 3455 1504 3512 TorelliuS.
1658 3450 1757 3527 ὥς]
1797 3455 1975 3512 deleo,
2122 3461 2210 3512 24.
2247 3474 2407 3527 περι-

364 3546 587 3597 πομενα
624 3529 693 3596 1³¹3
732 3544 872 3585 corr,
909 3527 1028 3583 BG.
