<?xml version="1.0" encoding="UTF-8"?>
<!DOCTYPE html PUBLIC "-//W3C//DTD XHTML 1.0 Transitional//EN"
    "http://www.w3.org/TR/xhtml1/DTD/xhtml1-transitional.dtd">
<html xmlns="http://www.w3.org/1999/xhtml" xml:lang="en" lang="en">
 <head>
  <title>
</title>
<meta http-equiv="Content-Type" content="text/html;charset=utf-8" />
  <meta name='ocr-system' content='tesseract 3.04.00' />
  <meta name='ocr-capabilities' content='ocr_page ocr_carea ocr_par ocr_line ocrx_word'/>
</head>
<body>
  <div class='ocr_page' id='page_1' title='image "archimedisopera00heibgoog_0046.png"; bbox 0 0 2659 3967; ppageno 0'>
   <div class='ocr_carea' id='block_1_1' title="bbox 414 192 1684 261">
    <p class='ocr_par' dir='ltr' id='par_1_1' title="bbox 414 192 1684 261">
     <span class='ocr_line' id='line_1_1' title="bbox 414 192 1684 261; baseline 0.002 -17"><span class='ocrx_word' id='word_1_1' title='bbox 414 195 505 261; x_wconf 87' lang='lat'><strong><em>34</em></strong></span> <span class='ocrx_word' id='word_1_2' title='bbox 1174 194 1352 247; x_wconf 78' lang='grc' dir='ltr'><strong>ΠΕΡΙ</strong></span> <span class='ocrx_word' id='word_1_3' title='bbox 1387 192 1684 246; x_wconf 54' lang='lat' dir='ltr'><strong><em>mm«.</em></strong></span> 
     </span>
    </p>
   </div>
   <div class='ocr_carea' id='block_1_2' title="bbox 350 329 2456 1273">
    <p class='ocr_par' dir='ltr' id='par_1_2' title="bbox 412 329 2454 741">
     <span class='ocr_line' id='line_1_2' title="bbox 414 329 2452 419; baseline -0.004 -13"><span class='ocrx_word' id='word_1_4' title='bbox 414 342 597 406; x_wconf 82' lang='grc' dir='ltr'><strong><em>ἔστιν</em></strong></span> <span class='ocrx_word' id='word_1_5' title='bbox 660 335 737 404; x_wconf 72' lang='grc' dir='ltr'><strong><em>δὲ</em></strong></span> <span class='ocrx_word' id='word_1_6' title='bbox 793 336 905 403; x_wconf 85' lang='grc' dir='ltr'><strong><em>καὶ</em></strong></span> <span class='ocrx_word' id='word_1_7' title='bbox 966 332 1055 415; x_wconf 81' lang='grc' dir='ltr'><strong><em>ὥς</em></strong></span> <span class='ocrx_word' id='word_1_8' title='bbox 1110 333 1153 403; x_wconf 79' lang='grc' dir='ltr'><em>ἆ</em></span> <span class='ocrx_word' id='word_1_9' title='bbox 1208 339 1363 402; x_wconf 92' lang='grc' dir='ltr'><strong><em>ΓΜ</em></strong></span> <span class='ocrx_word' id='word_1_10' title='bbox 1404 332 1558 401; x_wconf 87' lang='grc' dir='ltr'><strong><em>ποτὶ</em></strong></span> <span class='ocrx_word' id='word_1_11' title='bbox 1614 336 1772 419; x_wconf 92' lang='grc' dir='ltr'><strong><em>ΓΛ,</em></strong></span> <span class='ocrx_word' id='word_1_12' title='bbox 1831 329 1874 399; x_wconf 82' lang='grc' dir='ltr'><strong><em>ἆ</em></strong></span> <span class='ocrx_word' id='word_1_13' title='bbox 1921 332 2053 406; x_wconf 74' lang='grc' dir='ltr'><strong><em>ΞΓ</em></strong></span> <span class='ocrx_word' id='word_1_14' title='bbox 2094 330 2248 399; x_wconf 87' lang='grc' dir='ltr'><strong><em>ποτὶ</em></strong></span> <span class='ocrx_word' id='word_1_15' title='bbox 2295 336 2452 417; x_wconf 91' lang='grc' dir='ltr'><strong><em>ΚΓ,</em></strong></span> 
     </span>
     <span class='ocr_line' id='line_1_3' title="bbox 412 435 2452 529; baseline -0.004 -16"><span class='ocrx_word' id='word_1_16' title='bbox 412 444 715 513; x_wconf 80' lang='grc' dir='ltr'><strong><em>τουτέστι</em></strong></span> <span class='ocrx_word' id='word_1_17' title='bbox 768 442 921 510; x_wconf 88' lang='grc' dir='ltr'><strong><em>ποτὶ</em></strong></span> <span class='ocrx_word' id='word_1_18' title='bbox 969 448 1122 510; x_wconf 89' lang='grc' dir='ltr'><strong><em>ΚΒ.</em></strong></span> <span class='ocrx_word' id='word_1_19' title='bbox 1214 445 1394 509; x_wconf 78' lang='grc' dir='ltr'><strong><em>ἔστιν</em></strong></span> <span class='ocrx_word' id='word_1_20' title='bbox 1460 437 1621 529; x_wconf 74' lang='grc' dir='ltr'><strong><em>ἄρα,</em></strong></span> <span class='ocrx_word' id='word_1_21' title='bbox 1682 436 1786 518; x_wconf 77' lang='grc' dir='ltr'><strong><em>ὥς·</em></strong></span> <span class='ocrx_word' id='word_1_22' title='bbox 1836 435 1879 505; x_wconf 79' lang='grc' dir='ltr'><strong><em>ἆ</em></strong></span> <span class='ocrx_word' id='word_1_23' title='bbox 1925 440 2037 515; x_wconf 74' lang='grc' dir='ltr'><strong><em>ΞΙ</em></strong></span> <span class='ocrx_word' id='word_1_24' title='bbox 2085 438 2238 505; x_wconf 83' lang='grc' dir='ltr'><strong><em>ποτὶ</em></strong></span> <span class='ocrx_word' id='word_1_25' title='bbox 2291 443 2452 523; x_wconf 90' lang='grc' dir='ltr'><strong><em>ΚΕ,</em></strong></span> 
     </span>
     <span class='ocr_line' id='line_1_4' title="bbox 416 542 2452 628; baseline -0.003 -11"><span class='ocrx_word' id='word_1_26' title='bbox 416 548 459 617; x_wconf 80' lang='grc' dir='ltr'><strong><em>ἆ</em></strong></span> <span class='ocrx_word' id='word_1_27' title='bbox 515 552 647 628; x_wconf 76' lang='grc' dir='ltr'><strong><em>ΞΓ</em></strong></span> <span class='ocrx_word' id='word_1_28' title='bbox 690 551 843 617; x_wconf 78' lang='grc' dir='ltr'><strong><em>ποτὶ</em></strong></span> <span class='ocrx_word' id='word_1_29' title='bbox 893 554 1053 617; x_wconf 89' lang='grc' dir='ltr'><strong><em>ΚΒ·</em></strong></span> <span class='ocrx_word' id='word_1_30' title='bbox 1143 548 1256 615; x_wconf 82' lang='grc' dir='ltr'><strong><em>καὶ</em></strong></span> <span class='ocrx_word' id='word_1_31' title='bbox 1310 544 1512 614; x_wconf 77' lang='grc' dir='ltr'><strong><em>λοιπὰ</em></strong></span> <span class='ocrx_word' id='word_1_32' title='bbox 1567 542 1609 612; x_wconf 81' lang='grc' dir='ltr'><strong><em>ἆ</em></strong></span> <span class='ocrx_word' id='word_1_33' title='bbox 1656 551 1704 612; x_wconf 90' lang='lat' dir='ltr'><strong><em>I</em></strong></span> <span class='ocrx_word' id='word_1_34' title='bbox 1707 551 1773 612; x_wconf 94' lang='grc' dir='ltr'>Γ</span> <span class='ocrx_word' id='word_1_35' title='bbox 1819 545 1972 614; x_wconf 78' lang='grc' dir='ltr'><strong><em>ποτὶ</em></strong></span> <span class='ocrx_word' id='word_1_36' title='bbox 2026 545 2272 611; x_wconf 83' lang='grc' dir='ltr'><strong><em>λοιπὰν</em></strong></span> <span class='ocrx_word' id='word_1_37' title='bbox 2324 542 2452 612; x_wconf 78' lang='grc' dir='ltr'><strong><em>τὰν</em></strong></span> 
     </span>
     <span class='ocr_line' id='line_1_5' title="bbox 419 646 2454 741; baseline -0.003 -17"><span class='ocrx_word' id='word_1_38' title='bbox 419 662 554 723; x_wconf 90' lang='grc' dir='ltr'><strong><em>ΒΕ</em></strong></span> <span class='ocrx_word' id='word_1_39' title='bbox 604 657 815 741; x_wconf 78' lang='grc' dir='ltr'><strong><em>ἐστιν,</em></strong></span> <span class='ocrx_word' id='word_1_40' title='bbox 874 652 965 735; x_wconf 73' lang='grc' dir='ltr'><strong><em>ὥς</em></strong></span> <span class='ocrx_word' id='word_1_41' title='bbox 1019 652 1062 721; x_wconf 82' lang='grc' dir='ltr'><strong><em>ἆ</em></strong></span> <span class='ocrx_word' id='word_1_42' title='bbox 1109 656 1241 732; x_wconf 78' lang='grc' dir='ltr'><strong><em>ΞΓ</em></strong></span> <span class='ocrx_word' id='word_1_43' title='bbox 1283 653 1437 721; x_wconf 82' lang='grc' dir='ltr'><strong><em>ποτὶ</em></strong></span> <span class='ocrx_word' id='word_1_44' title='bbox 1482 655 1630 720; x_wconf 88' lang='grc' dir='ltr'><strong><em>ΓΚ.</em></strong></span> <span class='ocrx_word' id='word_1_45' title='bbox 1723 648 1806 721; x_wconf 79' lang='grc' dir='ltr'><strong><em>ὃν</em></strong></span> <span class='ocrx_word' id='word_1_46' title='bbox 1853 650 1930 719; x_wconf 72' lang='grc' dir='ltr'><strong><em>δὲ</em></strong></span> <span class='ocrx_word' id='word_1_47' title='bbox 1972 650 2180 737; x_wconf 89' lang='grc' dir='ltr'><strong><em>λόγον</em></strong></span> <span class='ocrx_word' id='word_1_48' title='bbox 2228 654 2361 739; x_wconf 84' lang='grc' dir='ltr'><strong><em>ἔχει</em></strong></span> <span class='ocrx_word' id='word_1_49' title='bbox 2408 646 2454 716; x_wconf 78' lang='grc' dir='ltr'><strong><em>ἃ</em></strong></span> 
     </span>
    </p>

    <p class='ocr_par' dir='ltr' id='par_1_3' title="bbox 350 754 2456 1273">
     <span class='ocr_line' id='line_1_6' title="bbox 350 754 2452 849; baseline -0 -24"><span class='ocrx_word' id='word_1_50' title='bbox 350 776 385 825; x_wconf 83' lang='lat'>5</span> <span class='ocrx_word' id='word_1_51' title='bbox 422 762 555 837; x_wconf 74' lang='grc' dir='ltr'><strong><em>ΞΓ</em></strong></span> <span class='ocrx_word' id='word_1_52' title='bbox 588 760 741 830; x_wconf 87' lang='grc' dir='ltr'><strong><em>ποτὶ</em></strong></span> <span class='ocrx_word' id='word_1_53' title='bbox 778 766 931 847; x_wconf 88' lang='grc' dir='ltr'><strong><em>ΓΚ,</em></strong></span> <span class='ocrx_word' id='word_1_54' title='bbox 977 766 1221 831; x_wconf 83' lang='grc' dir='ltr'><strong><em>τοῦτον</em></strong></span> <span class='ocrx_word' id='word_1_55' title='bbox 1268 766 1402 849; x_wconf 82' lang='grc' dir='ltr'><strong><em>ἔχει</em></strong></span> <span class='ocrx_word' id='word_1_56' title='bbox 1449 754 1492 827; x_wconf 77' lang='grc' dir='ltr'><strong><em>ἃ</em></strong></span> <span class='ocrx_word' id='word_1_57' title='bbox 1527 766 1608 827; x_wconf 92' lang='grc' dir='ltr'><em>Η</em></span> <span class='ocrx_word' id='word_1_58' title='bbox 1633 758 1784 826; x_wconf 82' lang='grc' dir='ltr'><strong><em>ποτὶ</em></strong></span> <span class='ocrx_word' id='word_1_59' title='bbox 1814 766 1886 825; x_wconf 93' lang='grc' dir='ltr'><strong><em>Ζ.</em></strong></span> <span class='ocrx_word' id='word_1_60' title='bbox 1959 758 2452 826; x_wconf 80' lang='grc' dir='ltr'><strong><em>ποτιπέπτωκεν</em></strong></span> 
     </span>
     <span class='ocr_line' id='line_1_7' title="bbox 418 861 2456 953; baseline -0.001 -19"><span class='ocrx_word' id='word_1_61' title='bbox 418 865 505 953; x_wconf 77' lang='grc' dir='ltr'><strong><em>δὴ</em></strong></span> <span class='ocrx_word' id='word_1_62' title='bbox 568 864 611 934; x_wconf 81' lang='grc' dir='ltr'><strong><em>ἆ</em></strong></span> <span class='ocrx_word' id='word_1_63' title='bbox 657 873 798 935; x_wconf 90' lang='grc' dir='ltr'><strong><em>ΚΕ</em></strong></span> <span class='ocrx_word' id='word_1_64' title='bbox 846 865 999 934; x_wconf 89' lang='grc' dir='ltr'><strong><em>ποτὶ</em></strong></span> <span class='ocrx_word' id='word_1_65' title='bbox 1048 864 1175 935; x_wconf 78' lang='grc' dir='ltr'><strong><em>ταν</em></strong></span> <span class='ocrx_word' id='word_1_66' title='bbox 1222 866 1742 952; x_wconf 78' lang='grc' dir='ltr'><strong><em>ἐκβεβλημέναν,</em></strong></span> <span class='ocrx_word' id='word_1_67' title='bbox 1798 864 1910 931; x_wconf 83' lang='grc' dir='ltr'><strong><em>καὶ</em></strong></span> <span class='ocrx_word' id='word_1_68' title='bbox 1956 862 1999 931; x_wconf 80' lang='grc' dir='ltr'><strong>ἆ</strong></span> <span class='ocrx_word' id='word_1_69' title='bbox 2045 861 2288 949; x_wconf 81' lang='grc' dir='ltr'><strong><em>μεταξὺ</em></strong></span> <span class='ocrx_word' id='word_1_70' title='bbox 2334 866 2456 943; x_wconf 78' lang='grc' dir='ltr'><strong><em>τᾶς</em></strong></span> 
     </span>
     <span class='ocr_line' id='line_1_8' title="bbox 416 965 2455 1060; baseline -0.002 -20"><span class='ocrx_word' id='word_1_71' title='bbox 416 973 900 1059; x_wconf 58' lang='grc' dir='ltr'><strong><em>ἐπιβεβλημένοις</em></strong></span> <span class='ocrx_word' id='word_1_72' title='bbox 964 971 1077 1040; x_wconf 82' lang='grc' dir='ltr'><strong><em>καὶ</em></strong></span> <span class='ocrx_word' id='word_1_73' title='bbox 1139 976 1260 1052; x_wconf 79' lang='grc' dir='ltr'><strong><em>τᾶς</em></strong></span> <span class='ocrx_word' id='word_1_74' title='bbox 1320 976 1743 1060; x_wconf 78' lang='grc' dir='ltr'><strong><em>περιφερείας</em></strong></span> <span class='ocrx_word' id='word_1_75' title='bbox 1806 967 1849 1038; x_wconf 79' lang='grc' dir='ltr'><strong><em>ἆ</em></strong></span> <span class='ocrx_word' id='word_1_76' title='bbox 1916 975 2055 1037; x_wconf 90' lang='grc' dir='ltr'><strong><em>ΒΕ</em></strong></span> <span class='ocrx_word' id='word_1_77' title='bbox 2113 969 2266 1037; x_wconf 78' lang='grc' dir='ltr'><strong><em>ποτὶ</em></strong></span> <span class='ocrx_word' id='word_1_78' title='bbox 2328 965 2455 1036; x_wconf 77' lang='grc' dir='ltr'><strong><em>τὰν</em></strong></span> 
     </span>
     <span class='ocr_line' id='line_1_9' title="bbox 414 1072 2455 1164; baseline -0.001 -19"><span class='ocrx_word' id='word_1_79' title='bbox 414 1083 527 1147; x_wconf 90' lang='grc' dir='ltr'><strong><em>ΓΙ</em></strong></span> <span class='ocrx_word' id='word_1_80' title='bbox 573 1076 697 1146; x_wconf 79' lang='grc' dir='ltr'><strong><em>ταν</em></strong></span> <span class='ocrx_word' id='word_1_81' title='bbox 754 1076 887 1147; x_wconf 79' lang='grc' dir='ltr'><strong><em>ἀπὸ</em></strong></span> <span class='ocrx_word' id='word_1_82' title='bbox 933 1082 1055 1159; x_wconf 81' lang='grc' dir='ltr'><strong><em>τᾶς</em></strong></span> <span class='ocrx_word' id='word_1_83' title='bbox 1100 1077 1562 1160; x_wconf 73' lang='grc' dir='ltr'><strong><em>ἐπιψαυούσας</em></strong></span> <span class='ocrx_word' id='word_1_84' title='bbox 1607 1074 2124 1164; x_wconf 79' lang='grc' dir='ltr'><strong><em>ἆπολαφθεῖσαν</em></strong></span> <span class='ocrx_word' id='word_1_85' title='bbox 2167 1074 2290 1144; x_wconf 90' lang='grc' dir='ltr'><strong><em>τὸν</em></strong></span> <span class='ocrx_word' id='word_1_86' title='bbox 2337 1072 2455 1143; x_wconf 80' lang='grc' dir='ltr'><strong><em>αὖ·</em></strong></span> 
     </span>
     <span class='ocr_line' id='line_1_10' title="bbox 414 1174 1826 1273; baseline -0.002 -21"><span class='ocrx_word' id='word_1_87' title='bbox 414 1182 536 1252; x_wconf 90' lang='grc' dir='ltr'><strong><em>τὸν</em></strong></span> <span class='ocrx_word' id='word_1_88' title='bbox 583 1189 715 1273; x_wconf 78' lang='grc' dir='ltr'><strong><em>ἔχει</em></strong></span> <span class='ocrx_word' id='word_1_89' title='bbox 760 1183 1001 1270; x_wconf 88' lang='grc' dir='ltr'><strong><em>λόγον,</em></strong></span> <span class='ocrx_word' id='word_1_90' title='bbox 1050 1180 1133 1252; x_wconf 80' lang='grc' dir='ltr'><strong><em>ὃν</em></strong></span> <span class='ocrx_word' id='word_1_91' title='bbox 1179 1180 1243 1250; x_wconf 83' lang='grc' dir='ltr'><strong><em>ἆ-</em></strong></span> <span class='ocrx_word' id='word_1_92' title='bbox 1270 1190 1325 1250; x_wconf 95' lang='grc' dir='ltr'><strong><em>Ζ</em></strong></span> <span class='ocrx_word' id='word_1_93' title='bbox 1370 1183 1522 1251; x_wconf 84' lang='grc' dir='ltr'><strong><em>ποτὶ</em></strong></span> <span class='ocrx_word' id='word_1_94' title='bbox 1567 1174 1693 1250; x_wconf 75' lang='grc' dir='ltr'><strong><em>τᾶν</em></strong></span> <span class='ocrx_word' id='word_1_95' title='bbox 1738 1189 1826 1250; x_wconf 91' lang='grc' dir='ltr'><strong><em>Η.</em></strong></span> 
     </span>
    </p>
   </div>
   <div class='ocr_carea' id='block_1_3' title="bbox 312 1376 2453 2862">
    <p class='ocr_par' dir='ltr' id='par_1_4' title="bbox 314 1376 1472 1444">
     <span class='ocr_line' id='line_1_11' title="bbox 314 1376 1472 1444; baseline 0.001 -2"><span class='ocrx_word' id='word_1_96' title='bbox 314 1394 381 1443; x_wconf 88' lang='grc'><strong><em>10</em></strong></span> <span class='ocrx_word' id='word_1_97' title='bbox 1399 1376 1472 1444; x_wconf 87' lang='grc' dir='ltr'><strong><em>ι’.</em></strong></span> 
     </span>
    </p>

    <p class='ocr_par' dir='ltr' id='par_1_5' title="bbox 414 1499 2453 1911">
     <span class='ocr_line' id='line_1_12' title="bbox 551 1499 2450 1593; baseline 0 -24"><span class='ocrx_word' id='word_1_98' title='bbox 551 1508 645 1569; x_wconf 90' lang='grc' dir='ltr'><strong><em>Εἴ</em></strong></span> <span class='ocrx_word' id='word_1_99' title='bbox 690 1527 775 1569; x_wconf 87' lang='grc' dir='ltr'><strong><em>κα</em></strong></span> <span class='ocrx_word' id='word_1_100' title='bbox 830 1501 1127 1590; x_wconf 88' lang='grc' dir='ltr'><strong><em>γραμμαὶ</em></strong></span> <span class='ocrx_word' id='word_1_101' title='bbox 1180 1501 1330 1587; x_wconf 82' lang='grc' dir='ltr'><strong><em>ἑξῆς</em></strong></span> <span class='ocrx_word' id='word_1_102' title='bbox 1383 1501 1704 1571; x_wconf 80' lang='grc' dir='ltr'><strong><em>τεθέωντι</em></strong></span> <span class='ocrx_word' id='word_1_103' title='bbox 1759 1499 2132 1571; x_wconf 83' lang='grc' dir='ltr'><strong><em>ὁποσαιοῦν</em></strong></span> <span class='ocrx_word' id='word_1_104' title='bbox 2185 1505 2278 1593; x_wconf 79' lang='grc' dir='ltr'><strong><em>τῷ</em></strong></span> <span class='ocrx_word' id='word_1_105' title='bbox 2325 1509 2450 1593; x_wconf 75' lang='grc' dir='ltr'><strong><em>ἴσῳ</em></strong></span> 
     </span>
     <span class='ocr_line' id='line_1_13' title="bbox 414 1598 2452 1697; baseline 0.001 -24"><span class='ocrx_word' id='word_1_106' title='bbox 414 1606 716 1675; x_wconf 77' lang='grc' dir='ltr'><strong><em>ἄλλοέλαν</em></strong></span> <span class='ocrx_word' id='word_1_107' title='bbox 772 1604 1247 1695; x_wconf 80' lang='grc' dir='ltr'><strong><em>ὑπερεχούσαι,</em></strong></span> <span class='ocrx_word' id='word_1_108' title='bbox 1302 1598 1348 1695; x_wconf 79' lang='grc' dir='ltr'><em>ᾗ</em></span> <span class='ocrx_word' id='word_1_109' title='bbox 1405 1606 1481 1675; x_wconf 76' lang='grc' dir='ltr'><strong><em>δὲ</em></strong></span> <span class='ocrx_word' id='word_1_110' title='bbox 1539 1604 1582 1674; x_wconf 80' lang='grc' dir='ltr'><em>ἁ</em></span> <span class='ocrx_word' id='word_1_111' title='bbox 1642 1604 1936 1695; x_wconf 79' lang='grc' dir='ltr'><strong><em>ὑπεροχὰ</em></strong></span> <span class='ocrx_word' id='word_1_112' title='bbox 1998 1616 2112 1676; x_wconf 86' lang='grc' dir='ltr'><strong><em>ἴσα</em></strong></span> <span class='ocrx_word' id='word_1_113' title='bbox 2162 1612 2246 1697; x_wconf 77' lang='grc' dir='ltr'><strong><em>τᾷ</em></strong></span> <span class='ocrx_word' id='word_1_114' title='bbox 2307 1610 2452 1675; x_wconf 80' lang='grc' dir='ltr'><strong><em>ἐλα-</em></strong></span> 
     </span>
     <span class='ocr_line' id='line_1_14' title="bbox 416 1710 2451 1805; baseline 0.001 -27"><span class='ocrx_word' id='word_1_115' title='bbox 416 1716 636 1801; x_wconf 78' lang='grc' dir='ltr'><strong><em>χίστᾳ,</em></strong></span> <span class='ocrx_word' id='word_1_116' title='bbox 695 1712 808 1779; x_wconf 84' lang='grc' dir='ltr'><strong><em>καὶ</em></strong></span> <span class='ocrx_word' id='word_1_117' title='bbox 868 1710 1064 1779; x_wconf 78' lang='grc' dir='ltr'><strong><em>ἄλλαι</em></strong></span> <span class='ocrx_word' id='word_1_118' title='bbox 1123 1713 1422 1801; x_wconf 86' lang='grc' dir='ltr'><strong><em>γραμμαὶ</em></strong></span> <span class='ocrx_word' id='word_1_119' title='bbox 1480 1714 1802 1781; x_wconf 80' lang='grc' dir='ltr'><strong><em>τεθέωντι</em></strong></span> <span class='ocrx_word' id='word_1_120' title='bbox 1864 1717 1956 1805; x_wconf 78' lang='grc' dir='ltr'><strong><em>τῷ</em></strong></span> <span class='ocrx_word' id='word_1_121' title='bbox 2021 1712 2145 1800; x_wconf 72' lang='grc' dir='ltr'><strong><em>μὲν</em></strong></span> <span class='ocrx_word' id='word_1_122' title='bbox 2205 1714 2451 1800; x_wconf 80' lang='grc' dir='ltr'><strong><em>πλήθει</em></strong></span> 
     </span>
     <span class='ocr_line' id='line_1_15' title="bbox 418 1816 2453 1911; baseline 0.002 -28"><span class='ocrx_word' id='word_1_123' title='bbox 418 1826 558 1886; x_wconf 91' lang='grc' dir='ltr'><strong><em>ἴσαι</em></strong></span> <span class='ocrx_word' id='word_1_124' title='bbox 609 1818 910 1904; x_wconf 80' lang='grc' dir='ltr'><strong><em>ταύταις,</em></strong></span> <span class='ocrx_word' id='word_1_125' title='bbox 940 1822 1065 1911; x_wconf 64' lang='grc' dir='ltr'><strong><em>τῷ</em></strong></span> <span class='ocrx_word' id='word_1_126' title='bbox 1122 1818 1199 1887; x_wconf 75' lang='grc' dir='ltr'><strong><em>δὲ</em></strong></span> <span class='ocrx_word' id='word_1_127' title='bbox 1251 1820 1521 1906; x_wconf 77' lang='grc' dir='ltr'><strong><em>μεγέθει</em></strong></span> <span class='ocrx_word' id='word_1_128' title='bbox 1577 1818 1821 1887; x_wconf 71' lang='grc' dir='ltr'><strong><em>ἕκαστα</em></strong></span> <span class='ocrx_word' id='word_1_129' title='bbox 1874 1823 1955 1907; x_wconf 79' lang='grc' dir='ltr'><strong><em>τᾷ</em></strong></span> <span class='ocrx_word' id='word_1_130' title='bbox 2011 1824 2317 1911; x_wconf 77' lang='grc' dir='ltr'><strong><em>μεγίστᾳ,</em></strong></span> <span class='ocrx_word' id='word_1_131' title='bbox 2371 1816 2453 1887; x_wconf 76' lang='grc' dir='ltr'><strong><em>τὰ</em></strong></span> 
     </span>
    </p>

    <p class='ocr_par' dir='ltr' id='par_1_6' title="bbox 314 1921 2452 2443">
     <span class='ocr_line' id='line_1_16' title="bbox 314 1921 2452 2017; baseline 0.001 -28"><span class='ocrx_word' id='word_1_132' title='bbox 314 1940 379 1990; x_wconf 78' lang='lat'><strong><em>15</em></strong></span> <span class='ocrx_word' id='word_1_133' title='bbox 415 1921 799 2012; x_wconf 80' lang='grc' dir='ltr'><strong><em>τετράγωνα</em></strong></span> <span class='ocrx_word' id='word_1_134' title='bbox 828 1921 934 1991; x_wconf 84' lang='grc' dir='ltr'><strong><em>.τά</em></strong></span> <span class='ocrx_word' id='word_1_135' title='bbox 990 1921 1122 1991; x_wconf 82' lang='grc' dir='ltr'><strong><em>ἀπὸ</em></strong></span> <span class='ocrx_word' id='word_1_136' title='bbox 1177 1928 1304 2017; x_wconf 81' lang='grc' dir='ltr'><strong><em>τᾶν</em></strong></span> <span class='ocrx_word' id='word_1_137' title='bbox 1365 1928 1524 1992; x_wconf 82' lang='grc' dir='ltr'><strong><em>ίσᾶν</em></strong></span> <span class='ocrx_word' id='word_1_138' title='bbox 1576 1929 1658 2013; x_wconf 80' lang='grc' dir='ltr'><em>τᾷ</em></span> <span class='ocrx_word' id='word_1_139' title='bbox 1714 1930 1989 2016; x_wconf 75' lang='grc' dir='ltr'><strong><em>μεγίστᾳ</em></strong></span> <span class='ocrx_word' id='word_1_140' title='bbox 2047 1925 2452 2012; x_wconf 79' lang='grc' dir='ltr'><strong><em>ποτιλαμβά-</em></strong></span> 
     </span>
     <span class='ocr_line' id='line_1_17' title="bbox 415 2026 2450 2121; baseline 0.002 -24"><span class='ocrx_word' id='word_1_141' title='bbox 415 2054 623 2097; x_wconf 85' lang='grc' dir='ltr'><strong><em>νοντα</em></strong></span> <span class='ocrx_word' id='word_1_142' title='bbox 667 2028 743 2097; x_wconf 89' lang='grc' dir='ltr'><strong><em>τό</em></strong></span> <span class='ocrx_word' id='word_1_143' title='bbox 780 2054 851 2095; x_wconf 90' lang='grc' dir='ltr'><strong><em>τε</em></strong></span> <span class='ocrx_word' id='word_1_144' title='bbox 890 2026 1021 2096; x_wconf 78' lang='grc' dir='ltr'><strong><em>ἀπὸ</em></strong></span> <span class='ocrx_word' id='word_1_145' title='bbox 1061 2034 1179 2109; x_wconf 77' lang='grc' dir='ltr'><strong><em>τᾶς</em></strong></span> <span class='ocrx_word' id='word_1_146' title='bbox 1214 2036 1525 2116; x_wconf 80' lang='grc' dir='ltr'><strong><em>μεγίστας</em></strong></span> <span class='ocrx_word' id='word_1_147' title='bbox 1559 2029 1983 2119; x_wconf 79' lang='grc' dir='ltr'><strong><em>τετράγωνον</em></strong></span> <span class='ocrx_word' id='word_1_148' title='bbox 2009 2032 2121 2098; x_wconf 84' lang='grc' dir='ltr'><strong><em>καὶ</em></strong></span> <span class='ocrx_word' id='word_1_149' title='bbox 2157 2030 2236 2101; x_wconf 90' lang='grc' dir='ltr'><strong><em>τὸ</em></strong></span> <span class='ocrx_word' id='word_1_150' title='bbox 2271 2057 2450 2121; x_wconf 90' lang='grc' dir='ltr'><strong><em>περι-</em></strong></span> 
     </span>
     <span class='ocr_line' id='line_1_18' title="bbox 416 2134 2452 2223; baseline 0.003 -22"><span class='ocrx_word' id='word_1_151' title='bbox 416 2134 738 2221; x_wconf 84' lang='grc' dir='ltr'><strong><em>εχόμενον</em></strong></span> <span class='ocrx_word' id='word_1_152' title='bbox 790 2135 924 2204; x_wconf 83' lang='grc' dir='ltr'><strong><em>ὑπό</em></strong></span> <span class='ocrx_word' id='word_1_153' title='bbox 979 2161 1049 2203; x_wconf 90' lang='grc' dir='ltr'><strong><em>τε</em></strong></span> <span class='ocrx_word' id='word_1_154' title='bbox 1101 2140 1221 2215; x_wconf 83' lang='grc' dir='ltr'><strong><em>τᾶς</em></strong></span> <span class='ocrx_word' id='word_1_155' title='bbox 1276 2137 1622 2223; x_wconf 81' lang='grc' dir='ltr'><strong><em>ἐλαχίστας</em></strong></span> <span class='ocrx_word' id='word_1_156' title='bbox 1673 2137 1785 2203; x_wconf 84' lang='grc' dir='ltr'><strong><em>καὶ</em></strong></span> <span class='ocrx_word' id='word_1_157' title='bbox 1838 2141 1958 2216; x_wconf 79' lang='grc' dir='ltr'><strong><em>τᾶς</em></strong></span> <span class='ocrx_word' id='word_1_158' title='bbox 2012 2145 2160 2218; x_wconf 88' lang='grc' dir='ltr'><strong><em>ἴσας</em></strong></span> <span class='ocrx_word' id='word_1_159' title='bbox 2208 2138 2452 2219; x_wconf 75' lang='grc' dir='ltr'><strong><em>πάσαις</em></strong></span> 
     </span>
     <span class='ocr_line' id='line_1_19' title="bbox 412 2238 2449 2332; baseline 0.004 -26"><span class='ocrx_word' id='word_1_160' title='bbox 412 2252 560 2319; x_wconf 76' lang='grc' dir='ltr'><strong><em>ταῖς</em></strong></span> <span class='ocrx_word' id='word_1_161' title='bbox 602 2245 694 2332; x_wconf 77' lang='grc' dir='ltr'><strong><em>τῷ</em></strong></span> <span class='ocrx_word' id='word_1_162' title='bbox 743 2248 866 2331; x_wconf 78' lang='grc' dir='ltr'><strong><em>ἴσῳ</em></strong></span> <span class='ocrx_word' id='word_1_163' title='bbox 912 2238 1213 2309; x_wconf 79' lang='grc' dir='ltr'><strong><em>ἆλλαλαν</em></strong></span> <span class='ocrx_word' id='word_1_164' title='bbox 1259 2239 1741 2330; x_wconf 78' lang='grc' dir='ltr'><strong><em>ὑπερεχούσαις</em></strong></span> <span class='ocrx_word' id='word_1_165' title='bbox 1773 2243 2130 2332; x_wconf 79' lang='grc' dir='ltr'><strong><em>τριπλάσια</em></strong></span> <span class='ocrx_word' id='word_1_166' title='bbox 2176 2245 2449 2313; x_wconf 81' lang='grc' dir='ltr'><strong><em>ἐσσούν-</em></strong></span> 
     </span>
     <span class='ocr_line' id='line_1_20' title="bbox 412 2346 2448 2443; baseline 0.003 -31"><span class='ocrx_word' id='word_1_167' title='bbox 412 2371 522 2412; x_wconf 90' lang='grc' dir='ltr'><strong><em>ται</em></strong></span> <span class='ocrx_word' id='word_1_168' title='bbox 573 2350 710 2414; x_wconf 77' lang='grc' dir='ltr'><strong><em>τῶν</em></strong></span> <span class='ocrx_word' id='word_1_169' title='bbox 764 2346 1203 2436; x_wconf 76' lang='grc' dir='ltr'><strong><em>τετραγώνων</em></strong></span> <span class='ocrx_word' id='word_1_170' title='bbox 1256 2346 1530 2415; x_wconf 80' lang='grc' dir='ltr'><strong><em>πάντων</em></strong></span> <span class='ocrx_word' id='word_1_171' title='bbox 1606 2351 1744 2416; x_wconf 73' lang='grc' dir='ltr'><strong><em>τῶν</em></strong></span> <span class='ocrx_word' id='word_1_172' title='bbox 1803 2346 1935 2417; x_wconf 76' lang='grc' dir='ltr'><strong><em>ἀπὸ</em></strong></span> <span class='ocrx_word' id='word_1_173' title='bbox 1983 2353 2119 2418; x_wconf 81' lang='grc' dir='ltr'><strong><em>τᾶν</em></strong></span> <span class='ocrx_word' id='word_1_174' title='bbox 2173 2354 2264 2443; x_wconf 78' lang='grc' dir='ltr'><strong><em>τῷ</em></strong></span> <span class='ocrx_word' id='word_1_175' title='bbox 2326 2359 2448 2443; x_wconf 72' lang='grc' dir='ltr'><strong><em>ἴσῳ</em></strong></span> 
     </span>
    </p>

    <p class='ocr_par' dir='ltr' id='par_1_7' title="bbox 312 2449 1241 2541">
     <span class='ocr_line' id='line_1_21' title="bbox 312 2449 1241 2541; baseline 0.004 -23"><span class='ocrx_word' id='word_1_176' title='bbox 312 2470 383 2519; x_wconf 82' lang='lat'><strong><em>20</em></strong></span> <span class='ocrx_word' id='word_1_177' title='bbox 421 2449 721 2519; x_wconf 77' lang='grc' dir='ltr'><strong><em>ἄλλάλαν</em></strong></span> <span class='ocrx_word' id='word_1_178' title='bbox 765 2449 1241 2541; x_wconf 79' lang='grc' dir='ltr'><strong><em>ὑπερεχουσᾶν.</em></strong></span> 
     </span>
    </p>

    <p class='ocr_par' dir='ltr' id='par_1_8' title="bbox 414 2556 2452 2862">
     <span class='ocr_line' id='line_1_22' title="bbox 551 2556 2450 2656; baseline 0.003 -31"><span class='ocrx_word' id='word_1_179' title='bbox 551 2562 761 2626; x_wconf 79' lang='grc' dir='ltr'><strong><em>ἔστων</em></strong></span> <span class='ocrx_word' id='word_1_180' title='bbox 805 2557 1103 2646; x_wconf 86' lang='grc' dir='ltr'><strong><em>γραμμαὶ</em></strong></span> <span class='ocrx_word' id='word_1_181' title='bbox 1150 2556 1521 2629; x_wconf 84' lang='grc' dir='ltr'><strong><em>ὁποσαιοῦν</em></strong></span> <span class='ocrx_word' id='word_1_182' title='bbox 1568 2563 1804 2648; x_wconf 79' lang='grc' dir='ltr'><strong><em>ἐφεξῆς</em></strong></span> <span class='ocrx_word' id='word_1_183' title='bbox 1848 2563 2145 2649; x_wconf 74' lang='grc' dir='ltr'><strong><em>κειμέναι</em></strong></span> <span class='ocrx_word' id='word_1_184' title='bbox 2179 2568 2272 2656; x_wconf 77' lang='grc' dir='ltr'><strong><em>τῷ</em></strong></span> <span class='ocrx_word' id='word_1_185' title='bbox 2327 2572 2450 2655; x_wconf 76' lang='grc' dir='ltr'><strong><em>ἴσω</em></strong></span> 
     </span>
     <span class='ocr_line' id='line_1_23' title="bbox 414 2660 2452 2756; baseline 0.003 -26"><span class='ocrx_word' id='word_1_186' title='bbox 414 2660 715 2732; x_wconf 81' lang='grc' dir='ltr'><strong><em>ἄλλάλαν</em></strong></span> <span class='ocrx_word' id='word_1_187' title='bbox 758 2660 1203 2753; x_wconf 85' lang='grc' dir='ltr'><strong><em>ὖπερεχούσαι</em></strong></span> <span class='ocrx_word' id='word_1_188' title='bbox 1252 2668 1326 2733; x_wconf 80' lang='grc' dir='ltr'><strong><em>αἰ</em></strong></span> <span class='ocrx_word' id='word_1_189' title='bbox 1367 2676 1462 2753; x_wconf 90' lang='grc' dir='ltr'><strong><em>Λ,</em></strong></span> <span class='ocrx_word' id='word_1_190' title='bbox 1498 2675 1588 2754; x_wconf 94' lang='grc' dir='ltr'><strong><em>Β,</em></strong></span> <span class='ocrx_word' id='word_1_191' title='bbox 1623 2673 1703 2754; x_wconf 90' lang='grc' dir='ltr'><strong><em>Γ,</em></strong></span> <span class='ocrx_word' id='word_1_192' title='bbox 1743 2676 1838 2755; x_wconf 89' lang='grc' dir='ltr'><strong><em>Δ,</em></strong></span> <span class='ocrx_word' id='word_1_193' title='bbox 1879 2676 1968 2755; x_wconf 90' lang='grc' dir='ltr'><strong><em>Ε,</em></strong></span> <span class='ocrx_word' id='word_1_194' title='bbox 2007 2676 2093 2755; x_wconf 94' lang='grc' dir='ltr'><strong><em>Ζ,</em></strong></span> <span class='ocrx_word' id='word_1_195' title='bbox 2129 2676 2231 2756; x_wconf 91' lang='grc' dir='ltr'><strong><em>Η,</em></strong></span> <span class='ocrx_word' id='word_1_196' title='bbox 2269 2677 2356 2755; x_wconf 78' lang='grc' dir='ltr'><strong><em>Θ,</em></strong></span> <span class='ocrx_word' id='word_1_197' title='bbox 2409 2666 2452 2737; x_wconf 81' lang='grc' dir='ltr'><em>ἅ</em></span> 
     </span>
     <span class='ocr_line' id='line_1_24' title="bbox 417 2768 2452 2862; baseline 0.003 -26"><span class='ocrx_word' id='word_1_198' title='bbox 417 2768 494 2838; x_wconf 77' lang='grc' dir='ltr'><strong><em>δὲ</em></strong></span> <span class='ocrx_word' id='word_1_199' title='bbox 538 2776 595 2837; x_wconf 85' lang='grc' dir='ltr'>Θ</span> <span class='ocrx_word' id='word_1_200' title='bbox 641 2778 754 2837; x_wconf 86' lang='grc' dir='ltr'><strong><em>ἴσα</em></strong></span> <span class='ocrx_word' id='word_1_201' title='bbox 801 2774 967 2837; x_wconf 81' lang='grc' dir='ltr'><strong><em>ἔστω</em></strong></span> <span class='ocrx_word' id='word_1_202' title='bbox 1012 2774 1094 2859; x_wconf 80' lang='grc' dir='ltr'><strong><em>τᾷ</em></strong></span> <span class='ocrx_word' id='word_1_203' title='bbox 1141 2768 1455 2862; x_wconf 79' lang='grc' dir='ltr'><strong><em>ὑπεροχᾷ.</em></strong></span> <span class='ocrx_word' id='word_1_204' title='bbox 1545 2780 1950 2843; x_wconf 80' lang='grc' dir='ltr'><strong><em>ποτικείσθω</em></strong></span> <span class='ocrx_word' id='word_1_205' title='bbox 2008 2774 2084 2845; x_wconf 75' lang='grc' dir='ltr'><strong><em>δὲ</em></strong></span> <span class='ocrx_word' id='word_1_206' title='bbox 2129 2777 2281 2844; x_wconf 84' lang='grc' dir='ltr'><strong><em>ποτὶ</em></strong></span> <span class='ocrx_word' id='word_1_207' title='bbox 2325 2774 2452 2843; x_wconf 78' lang='grc' dir='ltr'><strong><em>τάν</em></strong></span> 
     </span>
    </p>
   </div>
   <div class='ocr_carea' id='block_1_4' title="bbox 310 2874 2454 3076">
    <p class='ocr_par' dir='ltr' id='par_1_9' title="bbox 310 2874 2454 3076">
     <span class='ocr_line' id='line_1_25' title="bbox 416 2874 2452 2971; baseline 0.003 -27"><span class='ocrx_word' id='word_1_208' title='bbox 416 2884 474 2944; x_wconf 93' lang='grc' dir='ltr'><strong><em>Β</em></strong></span> <span class='ocrx_word' id='word_1_209' title='bbox 521 2884 635 2945; x_wconf 87' lang='grc' dir='ltr'><strong><em>ἴσα</em></strong></span> <span class='ocrx_word' id='word_1_210' title='bbox 678 2881 761 2965; x_wconf 80' lang='grc' dir='ltr'><em>τᾷ</em></span> <span class='ocrx_word' id='word_1_211' title='bbox 799 2884 856 2945; x_wconf 86' lang='grc' dir='ltr'>Θ</span> <span class='ocrx_word' id='word_1_212' title='bbox 901 2874 944 2944; x_wconf 81' lang='grc' dir='ltr'><strong><em>ἆ</em></strong></span> <span class='ocrx_word' id='word_1_213' title='bbox 983 2884 1055 2963; x_wconf 93' lang='grc' dir='ltr'><strong><em>Ι,</em></strong></span> <span class='ocrx_word' id='word_1_214' title='bbox 1100 2878 1252 2946; x_wconf 88' lang='grc' dir='ltr'><strong><em>ποτὶ</em></strong></span> <span class='ocrx_word' id='word_1_215' title='bbox 1295 2876 1371 2946; x_wconf 72' lang='grc' dir='ltr'><strong><em>δὲ</em></strong></span> <span class='ocrx_word' id='word_1_216' title='bbox 1414 2878 1540 2947; x_wconf 81' lang='grc' dir='ltr'><strong><em>τὰν</em></strong></span> <span class='ocrx_word' id='word_1_217' title='bbox 1577 2886 1643 2948; x_wconf 89' lang='grc' dir='ltr'><strong>Γ</strong></span> <span class='ocrx_word' id='word_1_218' title='bbox 1679 2879 1720 2949; x_wconf 79' lang='grc' dir='ltr'><em>ἆ</em></span> <span class='ocrx_word' id='word_1_219' title='bbox 1769 2888 1840 2949; x_wconf 93' lang='grc' dir='ltr'><strong><em>Κ</em></strong></span> <span class='ocrx_word' id='word_1_220' title='bbox 1883 2890 1997 2950; x_wconf 87' lang='grc' dir='ltr'><strong><em>ἴσα</em></strong></span> <span class='ocrx_word' id='word_1_221' title='bbox 2032 2886 2114 2971; x_wconf 80' lang='grc' dir='ltr'><strong><em>τᾷ</em></strong></span> <span class='ocrx_word' id='word_1_222' title='bbox 2152 2889 2252 2968; x_wconf 93' lang='grc' dir='ltr'><strong><em>Η,</em></strong></span> <span class='ocrx_word' id='word_1_223' title='bbox 2298 2882 2452 2950; x_wconf 80' lang='grc' dir='ltr'><strong><em>ποτὶ</em></strong></span> 
     </span>
     <span class='ocr_line' id='line_1_26' title="bbox 310 2980 2454 3076; baseline 0.005 -29"><span class='ocrx_word' id='word_1_224' title='bbox 310 2998 381 3048; x_wconf 81' lang='lat'><strong><em>25</em></strong></span> <span class='ocrx_word' id='word_1_225' title='bbox 421 2982 497 3051; x_wconf 75' lang='grc' dir='ltr'><strong><em>δὲ</em></strong></span> <span class='ocrx_word' id='word_1_226' title='bbox 541 2982 667 3050; x_wconf 80' lang='grc' dir='ltr'><strong><em>τὰν</em></strong></span> <span class='ocrx_word' id='word_1_227' title='bbox 706 2990 773 3049; x_wconf 90' lang='grc' dir='ltr'><em>Δ</em></span> <span class='ocrx_word' id='word_1_228' title='bbox 819 2980 861 3048; x_wconf 81' lang='grc' dir='ltr'><strong><em>ἆ</em></strong></span> <span class='ocrx_word' id='word_1_229' title='bbox 901 2989 964 3049; x_wconf 92' lang='grc' dir='ltr'><em>Λ</em></span> <span class='ocrx_word' id='word_1_230' title='bbox 1005 2991 1121 3051; x_wconf 89' lang='grc' dir='ltr'><strong><em>ἴσα</em></strong></span> <span class='ocrx_word' id='word_1_231' title='bbox 1164 2987 1245 3071; x_wconf 77' lang='grc' dir='ltr'><em>τᾷ</em></span> <span class='ocrx_word' id='word_1_232' title='bbox 1284 2991 1371 3070; x_wconf 94' lang='grc' dir='ltr'><strong><em>Ζ,</em></strong></span> <span class='ocrx_word' id='word_1_233' title='bbox 1416 2986 1567 3052; x_wconf 89' lang='grc' dir='ltr'><strong><em>ποτὶ</em></strong></span> <span class='ocrx_word' id='word_1_234' title='bbox 1614 2987 1689 3054; x_wconf 76' lang='grc' dir='ltr'><strong><em>δὲ</em></strong></span> <span class='ocrx_word' id='word_1_235' title='bbox 1732 2984 1857 3056; x_wconf 82' lang='grc' dir='ltr'><strong><em>τὰν</em></strong></span> <span class='ocrx_word' id='word_1_236' title='bbox 1903 2996 1968 3055; x_wconf 91' lang='grc' dir='ltr'><strong><em>Ε</em></strong></span> <span class='ocrx_word' id='word_1_237' title='bbox 2007 2986 2050 3056; x_wconf 80' lang='grc' dir='ltr'><strong><em>ἆ</em></strong></span> <span class='ocrx_word' id='word_1_238' title='bbox 2096 2996 2186 3055; x_wconf 94' lang='grc' dir='ltr'>Μ</span> <span class='ocrx_word' id='word_1_239' title='bbox 2221 2996 2336 3056; x_wconf 87' lang='grc' dir='ltr'><strong><em>ἴσα</em></strong></span> <span class='ocrx_word' id='word_1_240' title='bbox 2371 2990 2454 3076; x_wconf 77' lang='grc' dir='ltr'><strong><em>τᾷ</em></strong></span> 
     </span>
    </p>
   </div>
   <div class='ocr_carea' id='block_1_5' title="bbox 422 3110 845 3119">
    <p class='ocr_par' dir='ltr' id='par_1_10' title="bbox 422 3110 845 3119">
     <span class='ocr_line' id='line_1_27' title="bbox 422 3110 845 3119; baseline 0 848"><span class='ocrx_word' id='word_1_241' title='bbox 422 3110 845 3119; x_wconf 95' lang='lat' dir='ltr'><strong><em> </em></strong></span> 
     </span>
    </p>
   </div>
   <div class='ocr_carea' id='block_1_6' title="bbox 415 3153 2454 3587">
    <p class='ocr_par' dir='ltr' id='par_1_11' title="bbox 415 3153 2454 3587">
     <span class='ocr_line' id='line_1_28' title="bbox 563 3153 2454 3233; baseline 0.003 -20"><span class='ocrx_word' id='word_1_242' title='bbox 563 3166 610 3215; x_wconf 89' lang='grc'><strong><em>1.</em></strong></span> <span class='ocrx_word' id='word_1_243' title='bbox 650 3154 829 3222; x_wconf 71' lang='grc' dir='ltr'><strong><em>οὕτως</em></strong></span> <span class='ocrx_word' id='word_1_244' title='bbox 865 3153 903 3215; x_wconf 79' lang='grc' dir='ltr'><strong><em>ἆ</em></strong></span> <span class='ocrx_word' id='word_1_245' title='bbox 942 3160 1061 3218; x_wconf 68' lang='grc' dir='ltr'><strong><em>ΞΓ</em></strong></span> <span class='ocrx_word' id='word_1_246' title='bbox 1092 3160 1175 3213; x_wconf 81' lang='lat' dir='ltr'><strong><em>ed.</em></strong></span> <span class='ocrx_word' id='word_1_247' title='bbox 1216 3159 1422 3231; x_wconf 60' lang='lat' dir='ltr'><strong>Basil„</strong></span> <span class='ocrx_word' id='word_1_248' title='bbox 1459 3162 1752 3219; x_wconf 79' lang='lat' dir='ltr'><strong>Torellius,</strong></span> <span class='ocrx_word' id='word_1_249' title='bbox 1897 3170 1946 3221; x_wconf 84' lang='lat'><strong><em>3.</em></strong></span> <span class='ocrx_word' id='word_1_250' title='bbox 1985 3184 2020 3233; x_wconf 84' lang='grc' dir='ltr'><strong><em>η</em></strong></span> <span class='ocrx_word' id='word_1_251' title='bbox 2059 3165 2126 3231; x_wconf 72' lang='lat'><strong><em>1³¹3</em></strong></span> <span class='ocrx_word' id='word_1_252' title='bbox 2167 3180 2306 3220; x_wconf 78' lang='lat' dir='ltr'><strong>corr.</strong></span> <span class='ocrx_word' id='word_1_253' title='bbox 2345 3164 2454 3218; x_wconf 75' lang='lat'>&#39;1¹0-</span> 
     </span>
     <span class='ocr_line' id='line_1_29' title="bbox 415 3229 2453 3305; baseline 0.002 -20"><span class='ocrx_word' id='word_1_254' title='bbox 415 3229 612 3286; x_wconf 79' lang='lat' dir='ltr'>rellius</span> <span class='ocrx_word' id='word_1_255' title='bbox 654 3231 801 3300; x_wconf 80' lang='lat' dir='ltr'>(bis),</span> <span class='ocrx_word' id='word_1_256' title='bbox 842 3231 905 3284; x_wconf 77' lang='lat' dir='ltr'><strong><em>ut</em></strong></span> <span class='ocrx_word' id='word_1_257' title='bbox 940 3230 1036 3284; x_wconf 89' lang='lat' dir='ltr'><strong>lin.</strong></span> <span class='ocrx_word' id='word_1_258' title='bbox 1078 3234 1113 3283; x_wconf 80' lang='lat'>4</span> <span class='ocrx_word' id='word_1_259' title='bbox 1150 3230 1255 3298; x_wconf 75' lang='lat' dir='ltr'>bie,</span> <span class='ocrx_word' id='word_1_260' title='bbox 1296 3239 1346 3287; x_wconf 84' lang='lat'><strong><em>5.</em></strong></span> <span class='ocrx_word' id='word_1_261' title='bbox 1466 3233 1629 3304; x_wconf 78' lang='grc' dir='ltr'><strong><em>ποτί]</em></strong></span> <span class='ocrx_word' id='word_1_262' title='bbox 1666 3253 1807 3303; x_wconf 79' lang='grc' dir='ltr'><strong><em>προς</em></strong></span> <span class='ocrx_word' id='word_1_263' title='bbox 1841 3252 1942 3305; x_wconf 83' lang='lat' dir='ltr'><strong><em>per</em></strong></span> <span class='ocrx_word' id='word_1_264' title='bbox 1978 3252 2157 3305; x_wconf 79' lang='lat' dir='ltr'><strong>comp.</strong></span> <span class='ocrx_word' id='word_1_265' title='bbox 2195 3235 2272 3303; x_wconf 71' lang='grc' dir='ltr'><strong><em>Ἐς</em></strong></span> <span class='ocrx_word' id='word_1_266' title='bbox 2311 3250 2453 3290; x_wconf 85' lang='lat' dir='ltr'><strong>corr.</strong></span> 
     </span>
     <span class='ocr_line' id='line_1_30' title="bbox 416 3300 2452 3375; baseline 0.002 -18"><span class='ocrx_word' id='word_1_267' title='bbox 416 3301 697 3358; x_wconf 76' lang='lat' dir='ltr'><strong>&#39;Perellius</strong></span> <span class='ocrx_word' id='word_1_268' title='bbox 736 3301 893 3370; x_wconf 80' lang='lat' dir='ltr'>(bis),</span> <span class='ocrx_word' id='word_1_269' title='bbox 930 3302 997 3355; x_wconf 76' lang='lat' dir='ltr'><strong><em>ut</em></strong></span> <span class='ocrx_word' id='word_1_270' title='bbox 1030 3300 1128 3355; x_wconf 84' lang='lat' dir='ltr'><strong>lin.</strong></span> <span class='ocrx_word' id='word_1_271' title='bbox 1167 3306 1217 3368; x_wconf 86' lang='lat'><strong><em>4,</em></strong></span> <span class='ocrx_word' id='word_1_272' title='bbox 1259 3309 1290 3357; x_wconf 84' lang='lat'>5</span> <span class='ocrx_word' id='word_1_273' title='bbox 1328 3302 1432 3358; x_wconf 78' lang='lat' dir='ltr'><strong>bis.</strong></span> <span class='ocrx_word' id='word_1_274' title='bbox 1612 3308 1780 3375; x_wconf 79' lang='grc' dir='ltr'><strong><em>λοιπη</em></strong></span> <span class='ocrx_word' id='word_1_275' title='bbox 1826 3308 1885 3360; x_wconf 66' lang='lat' dir='ltr'><strong><em>ef,</em></strong></span> <span class='ocrx_word' id='word_1_276' title='bbox 1918 3309 2120 3375; x_wconf 84' lang='grc' dir='ltr'><strong><em>λοιπην</em></strong></span> <span class='ocrx_word' id='word_1_277' title='bbox 2156 3306 2219 3374; x_wconf 75' lang='lat' dir='ltr'><strong><em>F,</em></strong></span> <span class='ocrx_word' id='word_1_278' title='bbox 2259 3306 2452 3375; x_wconf 77' lang='lat' dir='ltr'><strong>uulgo,</strong></span> 
     </span>
     <span class='ocr_line' id='line_1_31' title="bbox 416 3371 2454 3446; baseline 0.001 -19"><span class='ocrx_word' id='word_1_279' title='bbox 416 3379 467 3428; x_wconf 89' lang='lat'><strong><em>8.</em></strong></span> <span class='ocrx_word' id='word_1_280' title='bbox 507 3376 948 3442; x_wconf 75' lang='grc' dir='ltr'><strong><em>αποληφθεισαν</em></strong></span> <span class='ocrx_word' id='word_1_281' title='bbox 984 3371 1048 3429; x_wconf 83' lang='lat' dir='ltr'><strong><em>F.</em></strong></span> <span class='ocrx_word' id='word_1_282' title='bbox 1199 3378 1282 3428; x_wconf 88' lang='lat'><strong><em>18.</em></strong></span> <span class='ocrx_word' id='word_1_283' title='bbox 1320 3372 1470 3444; x_wconf 78' lang='grc' dir='ltr'><strong><em>ταῖς]</em></strong></span> <span class='ocrx_word' id='word_1_284' title='bbox 1509 3373 1730 3443; x_wconf 75' lang='lat' dir='ltr'><strong>addidi3</strong></span> <span class='ocrx_word' id='word_1_285' title='bbox 1783 3394 1888 3432; x_wconf 87' lang='lat' dir='ltr'><strong><em>om.</em></strong></span> <span class='ocrx_word' id='word_1_286' title='bbox 1929 3374 1988 3429; x_wconf 78' lang='lat' dir='ltr'><strong><em>F.</em></strong></span> <span class='ocrx_word' id='word_1_287' title='bbox 2027 3377 2218 3446; x_wconf 83' lang='lat' dir='ltr'><strong>uulgo.</strong></span> <span class='ocrx_word' id='word_1_288' title='bbox 2365 3381 2454 3431; x_wconf 82' lang='lat'><strong><em>21.</em></strong></span> 
     </span>
     <span class='ocr_line' id='line_1_32' title="bbox 420 3442 2452 3527; baseline 0.003 -29"><span class='ocrx_word' id='word_1_289' title='bbox 420 3442 627 3527; x_wconf 79' lang='grc' dir='ltr'><strong><em>ἔστων]</em></strong></span> <span class='ocrx_word' id='word_1_290' title='bbox 662 3442 883 3512; x_wconf 77' lang='lat' dir='ltr'>scripsi3</span> <span class='ocrx_word' id='word_1_291' title='bbox 924 3460 1063 3497; x_wconf 84' lang='grc' dir='ltr'><strong><em>εστω</em></strong></span> <span class='ocrx_word' id='word_1_292' title='bbox 1102 3443 1164 3511; x_wconf 79' lang='lat' dir='ltr'><strong><em>F,</em></strong></span> <span class='ocrx_word' id='word_1_293' title='bbox 1206 3444 1409 3513; x_wconf 85' lang='lat' dir='ltr'><strong>uulgo;</strong></span> <span class='ocrx_word' id='word_1_294' title='bbox 1450 3444 1696 3501; x_wconf 81' lang='grc' dir='ltr'><strong><em>ἔστωσαν</em></strong></span> <span class='ocrx_word' id='word_1_295' title='bbox 1731 3445 1845 3501; x_wconf 81' lang='lat' dir='ltr'><strong><em>AV</em></strong></span> <span class='ocrx_word' id='word_1_296' title='bbox 1881 3449 1941 3502; x_wconf 76' lang='lat' dir='ltr'><strong><em>et</em></strong></span> <span class='ocrx_word' id='word_1_297' title='bbox 1975 3446 2216 3505; x_wconf 69' lang='lat' dir='ltr'><strong>Niniue.</strong></span> <span class='ocrx_word' id='word_1_298' title='bbox 2365 3452 2452 3504; x_wconf 79' lang='lat'><strong><em>25.</em></strong></span> 
     </span>
     <span class='ocr_line' id='line_1_33' title="bbox 419 3510 964 3587; baseline 0.002 -19"><span class='ocrx_word' id='word_1_299' title='bbox 419 3510 484 3587; x_wconf 79' lang='grc' dir='ltr'><strong><em>ἆ]</em></strong></span> <span class='ocrx_word' id='word_1_300' title='bbox 523 3517 715 3585; x_wconf 82' lang='lat' dir='ltr'>(prms)</span> <span class='ocrx_word' id='word_1_301' title='bbox 754 3531 862 3569; x_wconf 89' lang='lat' dir='ltr'><strong><em>om.</em></strong></span> <span class='ocrx_word' id='word_1_302' title='bbox 901 3514 964 3569; x_wconf 79' lang='lat' dir='ltr'><strong><em>F.</em></strong></span> 
     </span>
    </p>
   </div>
  </div>
 </body>
</html>
