2659 3967
362 187 491 254 180
553 191 943 244 ΕΠΙΠΕΔΩΝ
978 189 1207 246 ΙΣΟΡΡ.
1244 195 1299 243 H
1335 193 1621 246 KENTPA
1655 195 1898 248 ΒΑΡΩΝ
1931 198 2138 250 Eum.
2177 191 2260 251 A'.

360 351 481 410 σας
524 329 642 410 τὰς
667 338 820 420 BA,
868 339 1018 420 ΛΓ,
1065 334 1176 400 καὶ
1221 333 1402 422 παρὰ
1448 333 1575 403 τὰν
1602 344 1734 404 ΑΘ
1767 333 2095 423 ἅχθωσαν
2133 339 2208 404 αἱ
2232 345 2392 424 ΕΚ,

361 443 511 524 ZA,
556 438 670 505 καὶ
717 439 1223 529 ἐπεζεύχθωσαν
1271 442 1348 508 αἶ
1380 447 1540 528 KA,
1588 449 1749 528 AA,
1797 450 1962 528 ΔΚ,
2010 451 2165 531 ΔΘ,
2214 451 2392 513 ΜΝ.

1587 547 1726 617 ἐπεὶ
1801 545 2043 635 ὁμοῖόν
2109 554 2246 620 ἐστι
2309 550 2389 620 τὸ

1585 661 1791 723 ΑΒΓ
1870 664 2205 745 τρίγωνον
2297 661 2390 750 τῷ

1585 767 1792 830 ΔΖΓ
1810 763 2118 856 τριγώνῳ
2160 761 2272 832 διὰ
2310 763 2388 832 τὸ

1580 868 2015 956 παράλληλον
2049 867 2232 957 εἶμεν
2259 868 2388 938 τὰν

1583 981 1718 1042 BA
1761 980 1843 1066 τᾷ
1887 982 2042 1062 ZA,
2089 982 2210 1044 καί
2249 979 2392 1046 ἐστι

1581 1085 1705 1150 τοῦ
1779 1087 1988 1150 ΑΒΓ
2049 1082 2390 1171 τριγώνου

1580 1189 1862 1278 κέντρον
1944 1193 2066 1257 τοῦ
2144 1187 2389 1278 βάρεος

1581 1294 1658 1364 τὸ
1688 1301 1746 1362 Θ
1784 1308 2087 1382 σαμεῖον,
2125 1295 2236 1362 καὶ
2263 1300 2390 1363 τοῦ

1583 1409 1719 1470 ΖΔ
1729 1408 1793 1470 Γ
1848 1401 1982 1489 ἄρα
2052 1401 2392 1489 τριγώνου

1579 1512 1863 1598 κέντρον
1935 1512 2057 1577 τοῦ
2139 1507 2386 1596 βάρεός

1481 1667 1492 1672 -
1584 1619 1723 1685 ἐστι
1799 1615 1875 1683 τὸ
1951 1622 2013 1683 A
2088 1627 2388 1701 σαμεϊον.

1586 1718 1835 1810 ὁμοίως
1887 1720 2016 1810 γάρ
2075 1724 2213 1789 ἐντι
2257 1726 2394 1788 κεί-

255 1846 321 1896 15
359 1852 526 1913 μενα
563 1819 651 1894 ’τὰ
691 1835 770 1914 Θ,
809 1834 871 1895 A
917 1841 1157 1916 σαμεῖα
1194 1833 1267 1898 ἐν
1305 1830 1592 1920 ἑκατέρῳ
1628 1833 1766 1897 τῶν
1803 1827 2175 1916 τριγώνων,
2223 1830 2393 1896 ἐπει-

359 1933 567 2020 δήπερ
597 1935 749 2002 ποτὶ
776 1933 895 2014 τὰς
924 1933 1295 2022 ὁμολόγους
1311 1934 1601 2024 πλευρὰς
1625 1943 1774 2015 ἴσας
1791 1936 2090 2003 ποιέοντι
2110 1939 2359 2021 γωνίας
2376 1955 2392 1970 ·

357 2038 660 2129 φανερὸν
689 2041 817 2129 γὰρ
857 2046 1077 2109 τοῦτο.
1140 2041 1252 2110 διὰ
1290 2042 1370 2108 τὰ
1411 2039 1578 2109 αὐτὰ
1611 2041 1694 2129 δὴ
1723 2041 1836 2108 καὶ
1863 2045 1988 2107 τοῦ
2017 2047 2225 2109 ΕΒΔ
2251 2041 2394 2108 κέν·

357 2173 519 2232 τρον
557 2152 677 2214 τοῦ
716 2146 959 2235 βάρεός
995 2150 1133 2216 ἐστι
1167 2147 1333 2215 τὸΚ
1368 2161 1663 2234 σαμεῖον.
1721 2145 1890 2216 ὥστε
1924 2150 2048 2215 τοῦ
2079 2147 2144 2228 ἐξ
2173 2143 2392 2233 ἄμφο-

357 2252 569 2338 τέρων
614 2257 752 2321 τῶν
799 2260 1034 2339 ΕΒΔ,
1083 2259 1287 2320 ΖΔΓ
1322 2252 1671 2342 τριγώνων
1720 2254 2161 2340 συγκειμένου
2207 2253 2394 2339 μεγέ-

251 2376 322 2428 20
359 2367 521 2436 θεος
581 2359 861 2447 κέντρον
925 2363 1049 2427 τοῦ
1113 2358 1359 2448 βάρεός
1423 2363 1602 2428 ἐστιν
1669 2361 1773 2428 ἐπὶ
1828 2362 2030 2447 μέσας
2081 2363 2200 2440 τᾶς
2254 2366 2325 2427 Κ
2332 2365 2394 2426 A

360 2463 652 2552 εὐθείας,
700 2466 1054 2553 ἐπειδήπερ
1103 2474 1215 2534 ἴσα
1262 2468 1401 2534 ἐντὶ
1445 2466 1525 2534 τὰ
1563 2474 1689 2535 ΕΒ
1703 2474 1791 2552 A,
1842 2472 2048 2534 ΖΔΓ
2074 2472 2388 2553 τρίγωνα.

356 2578 477 2640 καί
518 2575 697 2642 ἐστιν
742 2577 860 2653 τᾶς
905 2580 975 2640 K
982 2579 1044 2640 A
1087 2574 1294 2660 μέσον
1342 2572 1417 2641 τὸ
1465 2581 1570 2661 Ν,.
1605 2577 1750 2642 ἐπεί
1791 2577 1994 2659 ἐστιν,
2042 2571 2133 2652 ώς
2179 2570 2221 2638 ἆ
2260 2579 2393 2640 ΒΕ

358 2681 512 2747 ποτὶ
558 2687 720 2766 EA,
778 2676 990 2758 οὕτως
1034 2675 1076 2746 o‘c
1125 2685 1263 2746 ΒΚ
1306 2680 1460 2748 ποτὶ
1506 2687 1666 2766 ΘΚ,
1724 2678 1813 2760 ὥς
1859 2679 1934 2748 δὲ
1980 2677 2022 2746 ἆ
2069 2683 2191 2745 ΓΖ
2237 2677 2388 2746 ποτὶ

360 2794 509 2873 ΖΑ,
558 2784 768 2866 οὕτως
814 2784 857 2853 ἆ
893 2791 1013 2855 ΓΛ
1058 2787 1208 2853 ποτὶ
1247 2794 1396 2855 ΛΘ.
1462 2792 1523 2856 εἰ
1566 2787 1642 2855 δὲ
1686 2789 1911 2871 τοῦτο,
1961 2791 2142 2853 ἔστιν
2187 2781 2229 2852 ἆ
2269 2788 2404 2852 ΒΓ

250 2908 319 2958 25
359 2897 439 2981 τᾷ
468 2899 538 2960 Κ
546 2900 608 2959 Λ
653 2894 1092 2980 παράλληλος.
1154 2894 1268 2960 καὶ
1307 2893 1678 2975 ἐπεζεύκται
1716 2891 1758 2960 ἆ
1802 2899 1868 2959 A
1878 2899 1951 2959 Θ.
2018 2898 2199 2959 ἔστιν
2237 2889 2394 2977 ἄρα,

359 2996 450 3077 ὥς
513 2996 556 3064 ἆ
622 3006 759 3065 BA
820 2999 973 3067 ποτὶ
1028 3005 1181 3084 ΔΓ,
1249 2998 1465 3079 οὕτως
1528 2998 1568 3066 οἳ
1627 3005 1781 3066 ΚΝ
1837 2999 1989 3065 ποτὶ
2053 2997 2179 3065 τάν
2234 3003 2395 3065 ΝΛ.

359 3101 529 3172 ὥστε
564 3107 687 3171 τοῦ
725 3105 791 3184 ἐξ
828 3101 1229 3194 ἀμφοτέρων
1262 3110 1401 3173 τῶν
1439 3106 1807 3192 εἰρημένων
1843 3102 2194 3192 τριγώνων
2233 3123 2391 3189 συγ-

505 3343 556 3392 3.
597 3331 723 3391 ἐπεὶ
771 3325 930 3391 οὖνῖ
1113 3344 1160 3392 6.
1212 3356 1364 3392 ειναι
1407 3352 1509 3406 per
1555 3351 1734 3404 comp.
1782 3336 1850 3401 F3
1911 3351 2050 3389 corr.
2098 3335 2393 3390 Tol-essius.

359 3404 491 3480 τάν]
530 3427 631 3462 τον
666 3407 742 3476 F;
784 3424 921 3465 corr,
960 3407 1250 3465 Torellius.
1404 3413 1486 3462 14.
1526 3425 1886 3476 αντικειμενα
1915 3404 1984 3472 F3
2023 3422 2157 3460 corr.
2202 3405 2398 3460 Tol-el-

359 3481 487 3536 line.
635 3485 720 3534 16.
766 3496 906 3548 προς
940 3495 1041 3548 per
1077 3495 1255 3550 comp.
1294 3479 1367 3545 Ἐς
1420 3495 1557 3534 corr.
1596 3477 1890 3544 Torelliu3‚
1928 3479 1994 3531 ut
2030 3493 2249 3547 semper
2284 3477 2396 3532 hae

359 3550 421 3606 in
454 3550 679 3620 pagina.
824 3568 1058 3605 ποιωντι
1092 3547 1153 3617 F,
1190 3550 1382 3620 qugO.
1529 3555 1614 3605 26.
1655 3548 1798 3620 ΔΓ]
1838 3553 1880 3601 Β
1920 3545 1978 3604 F.
