2659 3967
762 140 983 196 LIBER
1019 141 1585 198 ASSUMPTORUM.
2053 141 2188 208 433

158 288 352 353 metri
398 289 553 352 sunt
597 284 769 371 AD,
811 284 951 353 Do
990 285 1280 369 [Quaest.
1326 284 1524 352 Arch.
1571 309 1633 372 p.
1677 286 1826 369 48],
1887 291 1954 352 et
1998 286 2194 354 semi·

160 394 437 460 circulus
483 391 619 459 AO
667 392 959 477 aequalis
1015 396 1116 458 est
1170 393 1436 476 circu10,
1491 394 1672 459 cuius
1727 393 2044 460 diameter
2088 397 2191 458 est

162 499 327 581 DB,
373 520 522 566 cum
569 498 821 570 duobus
868 499 1289 566 semicirculis
1317 498 1480 583 AD,
1508 498 1654 566 Do.
1717 502 1786 564 et
1822 498 2190 564 auferamus

162 607 323 672 duos
352 604 793 671 semicirculos
811 605 975 688 AD,
991 603 1129 673 DC
1149 605 1606 690 communiter-3
1642 608 1938 672 remanet
1964 605 2192 691 figura,

160 735 357 798 quam
396 710 733 778 continent
768 712 1157 779 semicirculi
1183 711 1327 796 Ao,
1353 711 1516 797 AD,
1541 711 1677 779 Dc
1706 709 1804 798 (et
1829 716 1929 778 est
1964 713 2192 798 figura,

164 840 357 903 quam
412 817 677 899 uocauit
730 817 1157 884 Archimedes
1203 816 1527 906 Arbelon)
1583 819 1874 904 aequalis
1929 819 2193 903 circulo,

162 925 347 990 cuius
394 924 712 991 diameter
758 928 860 990 est
902 924 1077 1010 DB3
1124 929 1191 990 et
1234 925 1364 992 hoc
1410 928 1530 1010 est,
1576 924 1749 1011 quod
1792 924 2140 992 uoluimus.

1133 1103 1212 1168 V.

297 1224 368 1290 Si
422 1225 620 1292 fuerit
676 1226 1117 1293 semicirculus
1162 1227 1333 1310 AB,
1392 1231 1460 1292 et
1505 1228 1839 1312 signatum
1883 1226 2084 1292 fuerit
2127 1227 2197 1291 in

172 1331 313 1396 eius
373 1331 687 1396 diametro
748 1336 1071 1417 punctum
1107 1330 1164 1397 G
1211 1333 1603 1417 ubicunque,
1668 1336 1734 1398 et
1785 1333 1950 1398 fiant
2004 1320 2199 1416 super

166 1435 557 1500 diametrum
603 1437 727 1502 duo
777 1438 1165 1504 semicirculi
1199 1437 1342 1522 AG,
1379 1437 1525 1521 OB,
1573 1441 1640 1502 et
1684 1437 1996 1502 educatur
2031 1459 2112 1504 ex
2148 1435 2207 1504 0

164 1541 715 1627 perpendicularis
781 1543 909 1611 01)
980 1566 1175 1631 super
1236 1543 1377 1612 AB
1383 1595 1401 1629 ,
1477 1548 1544 1608 et
1606 1544 2051 1611 describantur
2115 1543 2197 1608 ad

165 1652 475 1733 utrasque
538 1653 759 1734 partes
815 1651 942 1716 duo
1006 1650 1235 1716 circuli
1290 1653 1641 1736 tangentes
1696 1649 1879 1716 illam
1935 1652 2002 1714 et
2054 1652 2199 1714 tan-

164 1758 397 1842 gentes
427 1755 889 1842 semicirculos,
915 1757 1139 1843 utique
1167 1757 1269 1821 illi
1299 1756 1427 1822 duo
1459 1754 1687 1822 circuli
1705 1757 1860 1820 sunt
1878 1755 2199 1840 aequales.

305 1860 815 1928 Demonstrat-ic.
889 1862 978 1930 sit
1022 1863 1190 1931 alter
1236 1862 1626 1928 circulorum
1662 1865 1942 1947 tangens
1970 1859 2105 1928 DC
2132 1862 2202 1926 in

36 2006 41 2010 ι
163 1967 236 2034 Ε
267 1970 333 2033 et
369 1969 845 2036 semicirculum
870 1969 1017 2036 AB
1054 1969 1127 2034 in
1150 1969 1223 2038 F
1252 1972 1319 2034 et
1357 1967 1834 2033 semicirculum
1859 1966 1996 2034 AO
2023 1967 2093 2032 in
2123 1965 2202 2034 G.

166 3151 241 3213 et
296 3146 643 3214 educamus
691 3148 1079 3214 diametrum
1121 3148 1207 3214 H
1204 3150 1295 3233 E3
1353 3149 1480 3215 erit
1525 3150 1845 3234 parallela
1889 3148 2209 3217 diametro

166 3252 320 3319 AB
383 3274 489 3338 eo,
555 3254 727 3338 quod
792 3255 919 3320 duo
986 3255 1211 3340 anguli
1272 3252 1506 3339 HEC,
1570 3253 1987 3321 AC'E*sunt
2049 3256 2214 3324 recti

178 3357 395 3440 [Eucl.
423 3357 475 3443 Ι,
504 3359 639 3441 28].
724 3362 791 3425 et
834 3359 1179 3446 iungamus
1214 3359 1378 3445 ΡΗ,
1420 3359 1586 3426 ΗΑ..
1661 3380 1818 3446 ergo
1863 3359 2040 3428 linea
2074 3362 2224 3429 AF

172 3465 282 3528 est
324 3468 519 3550 recta,
563 3465 666 3530 uti
713 3465 953 3532 dictum
1001 3469 1103 3532 est
1147 3467 1220 3532 in
1262 3467 1712 3552 propositione
1748 3464 1798 3534 Ι.
1881 3470 1950 3533 et
1993 3490 2218 3537 occur·

287 3574 609 3633 Archimeden,
635 3579 703 3622 od.
732 3580 948 3632 Hoiboroe.
991 3579 1055 3621 11.
1820 3575 1889 3625 28
