2659 3967
407 170 497 235 46
1167 172 1345 223 ΠΕΡΙ
1379 170 1676 223 mum.

411 316 553 389 ΝΞ
609 313 721 380 καὶ
783 318 904 393 τᾶς
967 321 1117 393 ἴσας
1178 311 1422 391 πάσαις
1483 325 1628 391 ταῖς
1682 311 2061 399 εἰρημέναις
2113 324 2455 400 γραμμαῖς

412 417 526 485 καὶ
601 415 683 485 τὰ
746 418 1142 507 τριταμόρια
1204 422 1345 486 τῶν
1409 416 1845 503 τετραγώνων
1907 421 2045 485 τών
2109 415 2241 486 άπὸ
2319 421 2448 486 τᾶν

411 530 572 611 ΟΧ,
626 530 816 610 ΠΨ,
873 530 1030 609 ΡΩ,
1085 523 1271 610 EQ,
1336 530 1470 611 TQ,
1540 529 1680 591 TN
1734 522 1857 592 τὸν
1912 520 2126 593 αὐτὸν
2179 526 2450 605 ἑξοῦντι

403 630 645 717 λόγον,
704 627 787 700 ὃν
831 629 907 699 τὸ
955 628 1086 698 άπὸ
1134 634 1252 710 τᾶς
1297 639 1363 697 A
1368 637 1428 698 Β
1481 629 1904 719 τετράγωνον
1947 631 2101 699 ποτὶ
2154 629 2236 698 τὰ
2284 650 2449 698 συν-

333 755 366 803 ὅ
405 737 750 825 αμφότερα
802 735 882 805 τό
934 762 1005 804 τε
1057 733 1194 804 ὑπὸ
1239 740 1365 804 τᾶν
1412 744 1478 803 A
1486 743 1544 803 Β
1555 787 1575 821 ,
1619 742 1748 803 ΦΒ
1803 735 2281 825 περιεχόμενον
2331 736 2449 804 καὶ

401 841 479 911 τὸ
526 849 754 933 τρίτον
800 845 1000 931 μέρος
1043 846 1166 911 τοῦ
1214 838 1348 910 άπὸ
1394 848 1530 909 ΦΑ
1573 840 2013 930 τετραγώνου.
2096 847 2158 910 εἰ
2192 834 2321 911 οὖν
2358 870 2445 910 αα

404 952 644 1039 δειχθῇ
699 950 776 1019 τό
832 977 904 1018 τε
965 948 1443 1039 περιεχόμενον
1496 945 1631 1016 ὑπό
1685 974 1757 1018 τε
1806 952 1929 1029 τᾶς
1970 951 2112 1025 ΝΞ
2158 950 2271 1017 καὶ
2324 954 2449 1030 τᾶς

404 1065 551 1136 ἴσας
597 1055 841 1136 πάσαις
892 1070 1038 1137 ταῖς
1087 1063 1250 1142 ΟΛ,
1297 1062 1463 1141 ΠΖ,
1510 1062 1661 1142 ΡΘ,
1706 1062 1878 1141 ΣΚ,
1932 1062 2104 1142 ΤΜ,
2156 1058 2279 1133 ΤΞ
2326 1056 2447 1124 καὶ

399 1161 482 1232 τὰ
536 1168 726 1252 τρίτα
779 1164 980 1251 μέρεα
1032 1166 1170 1230 τών
1222 1161 1661 1251 τετραγώνων
1719 1165 1856 1229 τῶν
1916 1158 2047 1227 άπὸ
2104 1164 2231 1229 τᾶν
2291 1167 2445 1247 ΟΧ,

295 1288 363 1336 10
401 1276 590 1356 ΠΨ,
637 1276 795 1356 ΡΩ,
843 1270 1202 1356 ΣἏῊΤΩ,
1264 1275 1405 1335 YN
1450 1266 1757 1355 τῶν·μὲν
1811 1266 2249 1355 τετραγώνων
2302 1270 2445 1335 τῶν

399 1373 532 1445 άπὸ
575 1380 702 1443 τᾶν
747 1382 911 1462 ΑΒ,
946 1381 1103 1461 ΓΔ,
1143 1382 1299 1460 ΕΖ,
1337 1381 1502 1459 ΗΘ,
1539 1380 1678 1459 ΙΚ,
1716 1381 1879 1441 ΛΜ
1913 1372 2257 1461 ἐλάττονα,
2300 1378 2445 1443 τῶν

401 1480 478 1550 δὲ
517 1481 952 1570 τετραγώνων
988 1486 1125 1549 τῶν
1163 1478 1296 1549 άπὸ
1332 1484 1459 1548 τᾶν
1485 1485 1643 1565 ΓΛ,
1681 1486 1836 1565 ΕΖ,
1875 1485 2042 1566 ΗΘ,
2079 1485 2227 1566 ΙΚ,
2264 1487 2443 1567 AM,

1220 1588 1363 1663 ΝΞ
1402 1591 1700 1672 μείζονα,
1757 1588 2187 1672 δεδειγμένου
2234 1589 2439 1655 ἐσσεί-

1216 1718 1326 1760 ται
1363 1690 1439 1759 τὸ
1479 1693 1827 1780 προτεθέν.
1893 1692 2031 1759 ἐντὶ
2070 1690 2153 1779 δὴ
2196 1690 2274 1761 τὸ
2311 1692 2443 1779 μὲν

1216 1795 1693 1885 περιεχόμενον
1730 1793 1862 1865 ὑπό
1900 1823 1970 1864 τε
2007 1801 2127 1878 τᾶς
2152 1802 2294 1875 ΝΞ
2322 1799 2437 1866 καὶ

417 1670 1008 1731 Α,Ο-Π,,Ρ-Σ,,Τ
1063 1670 1156 1731 T„

294 1818 359 1867 15
519 1829 573 1879 Γ

623 1954 720 2005 Ε..

721 2077 782 2128 Η

286 2348 355 2397 20

1215 1907 1336 1983 τάς
1381 1911 1531 1982 ἴσας
1577 1902 1821 1983 πάσαις
1878 1916 2025 1983 ταῖς
2074 1910 2239 1989 ΟΔ,
2274 1911 2440 1990 ΠΖ,

1214 2016 1366 2096 ΡΘ,
1450 2015 1622 2094 ΣΚ,
1713 2015 1883 2094 ΤΜ,
1971 2011 2094 2086 ΤΞ
2167 2011 2280 2077 καὶ
2352 2008 2437 2078 τὰ

1210 2120 1406 2204 τρίτα
1435 2116 1636 2201 μέρεα
1663 2119 1802 2183 τῶν
1829 2114 2268 2204 τετραγώνων
2295 2121 2437 2184 τών

1210 2218 1345 2289 άπὸ
1402 2223 1527 2291 τᾶν
1578 2226 1735 2307 ΟΧ,
1791 2228 1984 2307 ΠΨ,
2042 2229 2200 2308 ΡΩ,
2257 2222 2435 2309 EQ,

939 2325 1037 2481 ΛῙ
1216 2334 1351 2414 Τίὶ,
1413 2332 1555 2393 TN
1610 2334 1723 2395 ἴσα
1785 2340 1928 2407 τοῖς
1991 2329 2439 2417 τετραγώνοις

405 2446 568 2500 ιιι-Χ
619 2446 1143 2517 Ψ-αῳῇ-ρ-Ν-
1203 2446 1347 2513 τοῖς
1401 2430 1535 2500 ἀπὸ
1592 2440 1763 2517 ΧΑ,
1824 2439 1990 2519 ΨΖ,
2040 2440 2202 2520 sm,
2251 2433 2430 2522 ᾏΚ,

407 2486 885 2625 ΒῙΔ-ΖΧΘΙΚ
999 2490 1142 2629 [a]
1205 2546 1365 2625 (ὶΜ,
1430 2542 1571 2615 ΝΞ
1635 2538 1748 2606 καὶ
1811 2542 1904 2630 τῷ
1978 2541 2433 2632 περιεχομένῳ

801 2634 806 2637 ’
1204 2642 1339 2713 ὑπό
1384 2670 1455 2712 τε
1489 2649 1608 2723 τᾶς
1643 2646 1785 2720 ΝΞ
1815 2647 1929 2712 καὶ
1964 2648 2083 2723 τοῖς
2120 2653 2271 2724 ἴσας
2307 2646 2431 2714 πά-

393 2769 543 2829 σαις
585 2761 732 2829 ταῖς
770 2755 926 2835 ΟΧ,
963 2755 1152 2836 ΠΨ,
1189 2757 1349 2836 ΡΩ,
1387 2750 1571 2837 EQ,
1608 2758 1742 2836 To,
1786 2758 1919 2818 TN
1952 2751 2062 2817 καὶ
2100 2755 2190 2843 τῷ
2227 2756 2431 2842 τρίτῳ

283 2878 355 2927 25
391 2856 575 2946 μέρει
619 2860 757 2925 τῶν
802 2856 1240 2944 τετραγώνων
1287 2859 1423 2925 τών
1479 2854 1611 2924 άπὸ
1663 2861 1791 2924 τᾶν
1841 2862 1995 2941 ΟΧ,
2042 2862 2230 2943 ΠΨ,
2278 2864 2432 2944 ΡΩ,

392 2960 576 3046 29„
628 2968 765 3049 To,
816 2971 968 3032 TN.
1058 2962 1139 3031 τὰ
1189 2961 1265 3031 δὲ
1310 2960 1442 3030 άπὸ
1489 2965 1614 3029 τᾶν
1661 2969 1823 3047 ΛΒ,
1868 2968 2026 3047 ΓΛ,
2072 2970 2228 3048 ΕΖ,
2265 2970 2435 3051 ΗΘ,

390 3073 437 3134 I
442 3073 512 3133 K
520 3117 538 3152 ‚
578 3073 740 3133 ΛΜ
769 3067 1154 3156 τετράγωνα
1191 3077 1303 3138 ἴσα
1340 3083 1480 3148 τοῖς
1516 3064 1648 3135 άπὸ
1684 3071 1811 3135 τᾶν
1846 3075 2015 3155 ΒΦ,
2054 3077 2221 3155 ΧΔ,
2268 3075 2432 3156 ΨΖ,

846 2184 930 2231 1.-

325 3287 330 3291 .
536 3231 586 3279 2.
624 3246 967 3295 τριταμωρια
1002 3228 1064 3282 F.
1174 3234 1223 3283 3.
1262 3231 1319 3283 Σ
1329 3229 1420 3299 ᾖ]
1460 3231 1571 3282 ΣΛ
1597 3228 1661 3297 F,
1697 3229 1764 3283 uk
1796 3227 1895 3283 lin.
1928 3233 1995 3282 10
2032 3229 2092 3282 et
2124 3226 2273 3282 infra
2308 3244 2429 3282 eae-

389 3296 541 3366 pius;
588 3314 718 3351 nam
759 3298 823 3367 Q
871 3296 932 3351 in
967 3299 1011 3353 F
1056 3299 1388 3369 plerumque
1433 3300 1518 3353 ita
1554 3298 1924 3370 deprauatum
1962 3300 2063 3366 esis,
2102 3302 2168 3354 ut
2204 3297 2428 3353 similli-

388 3385 545 3421 mum
583 3366 660 3422 sit
695 3368 923 3423 litterae
959 3374 1025 3436 Λ,
1062 3371 1122 3423 et
1158 3368 1395 3424 eandem
1432 3369 1669 3424 formam
1745 3370 1942 3425 raebet
1978 3370 2064 3425 ed.
2094 3367 2265 3425 Basil.
2300 3370 2426 3438 (Λ).

395 3438 516 3508 Tq]
565 3437 662 3493 hic
709 3441 768 3494 et
812 3439 907 3493 lin.
951 3446 1017 3494 10
1062 3439 1255 3495 littera
1293 3457 1329 3511 q
1366 3441 1426 3494 in
1463 3439 1699 3495 similitu
1738 3440 1889 3495 inem
1928 3440 2249 3522 compendii
2283 3438 2430 3510 πρός

391 3510 659 3578 corrupta.
695 3511 796 3568 est.
943 3518 991 3565 9.
1031 3529 1171 3581 μερη
1207 3511 1278 3579 F,
1317 3511 1509 3581 uulgo.
1655 3516 1739 3565 10.
1780 3510 1911 3583 μέν]
1951 3510 2167 3577 add1di3
2215 3526 2325 3565 om.
2362 3510 2428 3578 F,
