2659 3967
869 210 966 265 DE:
1004 210 1248 266 mmsis
1287 210 1726 267 SPIRALIBUs.
2236 210 2279 277 5

241 358 562 441 quaedam
610 378 837 423 eorum
883 355 1058 421 inter
1103 377 1182 421 ea
1225 357 1545 421 collocata
1592 355 1743 439 sint,
1791 358 2021 423 confici
2059 360 2279 425 autem

239 485 376 529 non
403 463 716 548 possint,
771 466 846 527 ut
887 462 1031 546 isti,
1086 461 1198 547 qui
1245 483 1314 527 se
1361 461 1582 526 omnia
1627 462 1919 527 inuenire
1964 464 2279 548 dictitent,

239 571 496 635 nnllam
569 574 788 637 autem
862 568 1487 635 demonstrationem
1558 590 1783 634 eorum
1856 569 1927 632 in
1990 570 2279 635 med-ium

240 676 604 761 proferant,
646 675 996 761 aliquando
1033 674 1522 759 redarguantur,
1570 675 1811 759 quippe
1848 676 1959 759 qui
1996 676 2281 741 absurda

242 782 446 847 etiam
495 805 562 848 se
608 782 906 847 inuenire
951 802 1148 866 posse
1190 781 1475 865 professi
1520 781 1669 846 sint.
1743 804 1823 846 ea
1866 784 2087 846 autem
2131 806 2280 867 pro-

241 888 538 954 blemata
593 889 814 974 qualia
861 888 1020 973 sint,
1075 890 1142 953 et
1188 910 1465 972 quorum
1510 887 2095 954 demonstrationes
2141 910 2281 973 per-

247 996 525 1079 scriptas
567 995 830 1079 habeas,
878 998 944 1059 et
989 994 1277 1079 qualium
1323 994 1909 1059 demonstrationes
1946 994 2071 1061 hoc
2110 996 2279 1061 libro

243 1102 634 1186 adferamus,
679 1100 843 1165 mihi
891 1099 1109 1164 uisum
1155 1103 1260 1163 est
1301 1103 1518 1165 tecum
1564 1100 2060 1166 communicare.
2150 1102 2281 1186 pri-

245 1230 428 1273 mum
471 1208 678 1291 igitur
720 1205 1062 1291 problema
1105 1205 1232 1270 hoe
1277 1209 1446 1269 erat:
1494 1204 1650 1269 data
1694 1206 1971 1290 sphaera
2006 1207 2278 1292 planum

247 1314 536 1397 spatium
579 1313 874 1379 inuenire
923 1310 1286 1396 superficiei
1331 1312 1645 1396 sphaerae
1683 1312 1953 1397 aequale
1992 1313 2101 1394 [de
2138 1314 2277 1398 sph.

247 1422 320 1483 et
347 1420 467 1503 eyl.
495 1419 564 1483 II
591 1443 652 1505 p.
685 1419 862 1502 190]‚
897 1418 966 1483 id
1009 1418 1180 1503 quod
1218 1418 1419 1483 etiam
1455 1418 1740 1502 primum
1776 1419 1995 1501 palam
2030 1420 2280 1486 factum

251 1529 372 1610 est,
415 1526 590 1591 edito
639 1526 717 1590 de
765 1524 1045 1609 sphaera
1086 1524 1276 1589 libro.
1352 1546 1497 1589 cum
1544 1524 1718 1589 enim
1763 1525 2281 1593 demonstratum

251 1634 364 1711 sit,
411 1632 822 1718 superficiem
845 1631 1179 1715 sphaerae
1220 1632 1581 1716 quadruplo
1618 1633 1931 1699 maiorem
1976 1654 2117 1699 esse
2166 1634 2281 1698 eii·-

249 1738 394 1803 eulo
463 1738 748 1803 maximo
803 1737 1118 1821 sphaerae
1184 1736 1291 1818 [de
1350 1737 1490 1821 sph.
1546 1742 1614 1801 et
1668 1739 1790 1821 oyl.
1845 1738 1908 1824 Ι,
1946 1740 2109 1823 ·33],
2174 1740 2282 1807 ad-

252 1846 440 1927 paret
481 1844 626 1908 fieri
659 1864 871 1927 posse,
916 1846 991 1907 ut
1028 1842 1404 1907 inueniatur
1439 1840 1723 1926 spatium
1758 1843 2027 1928 planum
2066 1866 2282 1927 super-

249 1952 420 2016 ficiei
489 1950 806 2035 sphaerae
863 1950 1148 2035 aequale.
1251 1948 1603 2015 seeundum
1661 1952 1882 2015 autem
1935 1948 2061 2015 hoe
2117 1954 2281 2015 erat:

251 2057 404 2122 dato
468 2078 634 2122 oono
696 2058 803 2121 uel
857 2055 1150 2141 cylindro
1207 2052 1569 2139 sphaeram·
1604 2056 1899 2121 inuenire
1950 2078 2117 2121 cono
2174 2058 2282 2121 uel

251 2163 548 2247 cylindro
613 2162 952 2248 aequalem
1021 2161 1128 2242 [de
1185 2161 1327 2245 sph.
1384 2165 1451 2225 et
1504 2162 1627 2245 eyl.
1680 2161 1765 2247 II,
1826 2164 1914 2243 1].
2012 2164 2282 2230 tertium

253 2272 496 2334 autem:
541 2269 770 2334 datam·
806 2268 1151 2352 sphaeram
1185 2269 1381 2351 plano
1421 2289 1656 2351 secare,
1700 2268 1799 2333 ita
1830 2271 1921 2332 ut.
1944 2272 2285 2354 segmenta

249 2377 393 2441 eius
431 2376 602 2441 inter
638 2398 710 2440 se
745 2375 968 2439 datam
1002 2374 1318 2441 rationem
1354 2373 1645 2438 habeant
1684 2375 1796 2455 [ib.
1823 2373 1909 2457 ΙΙ,
1934 2376 2025 2455 4].
2089 2396 2284 2459 quar-

249 2484 392 2545 tum
439 2476 685 2545 autem:
731 2478 952 2545 datam
1001 2478 1345 2562 sphaeram
1382 2478 1579 2562 plano
1620 2500 1855 2564 secare,
1898 2480 1997 2544 ita
2032 2484 2109 2545 ut
2143 2501 2284 2566 seg-

251 2590 473 2651 menta·
509 2585 874 2670 superficiei
911 2586 1083 2651 inter
1129 2594 1198 2649 se
1237 2585 1459 2649 datam
1495 2584 1819 2650 rat-ionem
1853 2586 2141 2652 habeant
2170 2587 2283 2668 [ib.

249 2691 346 2777 Π,
393 2693 480 2774 3].
573 2692 872 2777 quintum
930 2695 1192 2756 autem}
1232 2690 1457 2755 datum
1504 2696 1921 2776 segmentum
1967 2692 2283 2776 >sphaerae

251 2798 404 2863 dato
453 2802 792 2883 segmento
841 2798 1156 2883 sphaerae
1201 2797 1411 2862 simile
1453 2797 1721 2863 reddere
1759 2798 1904 2879 [cfr.
1938 2798 2035 2861 fb.
2060 2796 2155 2881 II,
2192 2797 2284 2878 5J.

251 2908 504 2969 sextum
563 2906 810 2968 autemt
866 2904 1036 2968 datis
1085 2904 1335 2969 duobus
1382 2903 1697 2988 sphaerae
1741 2904 2094 2987 segmentis
2142 2904 2283 2970 siue

250 3061 321 3128 F3
371 3077 508 3119 corr.
548 3058 840 3117 Torellius.
1030 3054 1429 3186 δοκιμάζομεΊ]
1488 3059 1707 3130 seripsi3
1764 3062 2165 3131 δοκιμαζοντες
2218 3063 2283 3131 F,

247 3132 440 3215 uulgo.
587 3128 878 3200 ἐμφανίξω
915 3131 988 3199 Β;
1039 3128 1332 3201 ἐμφανίσω
1420 3131 1673 3197 orellius3
1722 3129 2033 3202 ἐμφανίσαι
2069 3134 2145 3201 Α,
2194 3132 2281 3189 ed.

249 3203 418 3258 Basil.
539 3203 832 3257 Bao-&ew
867 3220 994 3257 oum
1031 3218 1210 3271 comp.
1248 3221 1316 3270 ης
1352 3200 1421 3269 F3
1460 3218 1599 3257 corr.
1633 3173 1926 3259 'For-ellium
2053 3205 2134 3260 10.
2167 3200 2281 3257 τὰν

251 3206 574 3356 σφιιιίραιν]8
564 3272 786 3343 seripsi3
823 3294 928 3345 την
963 3275 1192 3343 (comp.)
1234 3289 1486 3342 σφαιραν
1520 3273 1593 3339 F,
1639 3274 1841 3343 uulgo3
1890 3274 1994 3336 τᾶς
2035 3276 2283 3343 σφαίρας

249 3342 544 3400 Torellius.
661 3348 743 3399 16.
783 3364 883 3415 ευρ
921 3352 1047 3401 eum
1074 3358 1256 3413 comp.
1284 3363 1357 3412 ην
1383 3344 1445 3413 F,
1482 3314 2119 3427 utiin.17,19,p.61.
2152 3350 2181 3397 1

255 3420 338 3471 17.
374 3434 636 3497 τμηματα
679 3415 747 3497 F3
799 3414 1405 3482 eorr.'1'orellius3sie
1452 3430 1673 3483 semper
1710 3415 1775 3469 in
1821 3415 2079 3471 omnibus
2115 3414 2282 3469 huius

250 3486 412 3541 uerbi
445 3484 644 3541 formis
687 3458 750 3541 in
783 3487 895 3542 boe
930 3484 1101 3553 fibro,
1148 3484 1260 3540 nisi
1294 3486 1393 3540 ubi
1430 3484 1627 3539 eontra
1665 3486 1997 3541 adnotatum
2034 3488 2135 3542 est.

253 3561 338 3612 18.
375 3575 550 3626 αυτης
585 3556 654 3625 F3
695 3572 835 3613 corr.
875 3557 1169 3614 Torellius.
1313 3562 1399 3611 21.
1438 3574 1655 3611 πεπτον
1690 3556 1753 3613 F.
