2659 3967
396 181 527 246 222
912 181 1301 234 ΕΙΠΠΕΔῼΝ
1337 181 1791 234 ῙΣοΡΡοΠῙΩΝ
1825 176 1916 235 Β’.

396 327 911 412 συναμφοτέρου
946 326 1065 402 τᾶς
1091 332 1156 390 Α
1165 329 1245 408 Β,
1275 330 1407 390 ΒΕ
1440 320 1602 409 μετὰ
1639 327 1757 404 τᾶς
1794 327 2236 402 δεκαπλασίας
2270 343 2435 390 συν-

395 430 778 517 αμφοτέρου
832 432 951 509 τᾶς
996 435 1153 514 ΓΒ,
1199 435 1338 496 BA
1382 429 1534 496 ποτὶ
1579 426 1706 497 τὰν
1750 431 2193 515 συγκειμέναν
2239 433 2313 495 ἔκ
2361 454 2438 496 τε

392 539 510 615 τᾶς
556 541 909 615 διπλασίας
952 536 1469 623 συναμφοτέρου
1511 538 1631 615 τᾶς
1675 541 1831 620 ΑΒ,
1877 541 2010 602 ΒΕ
2049 535 2162 602 καὶ
2204 561 2435 622 τετρα-

393 649 674 722 πλασίας
730 644 1245 728 συναμφοτέρου
1302 645 1423 721 τᾶς
1466 647 1621 726 ΓΒ,
1668 648 1805 709 BA
1858 640 2068 728 λόγον
2125 645 2288 728 ἔχει,
2345 637 2434 708 ὃν

324 769 356 818 5
392 749 585 816 πέντε
630 748 784 816 ποτὶ
831 746 977 816 δύο.
1040 748 1153 815 καὶ
1196 745 1255 814 ἆ.
1286 753 1424 816 ΛΟ
1467 745 1602 836 ἄρα
1645 748 1798 816 ποτὶ
1835 754 1974 815 ΗΘ
2017 745 2224 832 λόγον
2271 751 2431 833 ἔχει,

394 851 477 922 ὃν
530 856 726 923 πέντε
782 855 933 923 ποτὶ
990 853 1134 923 δύο.
1208 854 1413 922 πάλιν
1461 854 1600 922 ἐπεὶ
1648 850 1690 920 ἆ
1741 860 1876 921 ΟΛ
1919 853 2072 922 ποτὶ
2120 862 2259 920 ΔΑ
2303 852 2433 921 τὸν

291 1003 299 1008 -
392 958 603 1028 αὐτὸν
660 965 793 1047 ἔχει
845 959 1085 1046 λόγον,
1142 957 1224 1028 ὃν
1271 958 1315 1027 ἆ
1363 967 1490 1028 ΕΒ
1537 959 1700 1046 μετὰ
1745 964 1865 1040 τᾶς
1913 964 2264 1038 διπλασίας
2309 963 2433 1038 τᾶς

392 1074 530 1134 ΒΔ
574 1068 727 1135 ποτὶ
770 1064 895 1135 τὰν
942 1074 1099 1135 ἴσαν
1143 1071 1225 1155 τᾷ
1264 1068 1666 1158 συγκειμένῳ
1705 1071 1778 1134 ἔκ
1812 1093 1884 1135 τε
1918 1071 2038 1147 τᾶς
2076 1071 2434 1146 διπλασίας

394 1174 908 1261 συναμφοτέρου
966 1177 1084 1252 τᾶς
1138 1182 1202 1240 Α
1211 1181 1269 1240 Β
1280 1225 1300 1259 ,
1363 1180 1495 1240 ΒΕ
1549 1172 1712 1260 μετὰ
1769 1177 1890 1252 τᾶς
1948 1178 2434 1258 τετραπλασίας

289 1300 355 1348 10
394 1280 909 1366 συναμφοτέρου
954 1282 1073 1359 τᾶς
1118 1285 1265 1364 ΓΒ,
1313 1285 1371 1346 Β
1385 1287 1480 1365 Δ,
1528 1284 1709 1348 ἔστιν
1758 1279 1834 1348 δὲ
1877 1285 2013 1365 καί,
2061 1276 2151 1359 ὥς
2196 1277 2239 1344 ἁ
2285 1286 2431 1346 AA

391 1384 544 1451 ποτὶ
592 1393 757 1471 ΛΕ,
824 1381 1036 1465 οὕτως
1100 1383 1141 1452 o‘c
1200 1386 1600 1472 συγκειμένα
1655 1391 1728 1453 ἔκ
1780 1412 1852 1454 τε
1903 1390 2020 1465 τᾶς
2075 1389 2432 1465 διπλασίας

336 1580 341 1586 .
391 1493 510 1570 τᾶς
546 1497 675 1558 ΑΒ
720 1491 833 1559 καὶ
878 1497 1270 1580 τριπλασίας
1313 1495 1434 1570 τᾶς
1469 1497 1590 1559 ΓΒ
1635 1492 1748 1559 καὶ
1784 1496 1903 1572 τᾶς
1939 1499 2079 1560 ΒΛ
2113 1492 2264 1560 ποτὶ
2299 1489 2430 1558 τὰν

393 1605 549 1666 ἴσαν
602 1602 685 1687 τᾷ
740 1625 809 1666 τε
857 1606 983 1667 ΕΒ
1038 1599 1150 1666 καὶ
1203 1602 1285 1686 τᾷ
1335 1602 1656 1688 διπλασία
1699 1602 1819 1679 τοῖς
1863 1605 1920 1666 Β
1933 1607 2001 1665 A
2010 1651 2030 1684 ,
2085 1595 2432 1683 ἀνομοίως

392 1695 519 1772 οὖν
543 1777 549 1782 ,
572 1709 708 1772 ταῖν
764 1705 988 1792 λόγων
1042 1705 1492 1791 τεταγμένων,
1551 1706 1892 1772 τουτέστιν
1937 1705 2431 1793 τεταραγμένας

287 1831 353 1880 15
391 1809 633 1891 ἐούσας
677 1816 796 1892 τᾶς
840 1809 1227 1898 ἀναλογίας,
1274 1807 1367 1878 δι’
1411 1817 1565 1879 ἴσου
1612 1813 1814 1897 ἐστίν,
1863 1808 1954 1891 ὡς
1997 1808 2042 1877 ὦ
2091 1816 2228 1877 ΟΔ
2271 1811 2432 1880 ποτὶ

391 1923 557 2002 ΔΕ,
609 1914 824 1996 οὕτως
868 1915 911 1985 ἅ
961 1921 1277 1985 διπλασία
1323 1921 1442 1996 τᾶς
1486 1923 1618 1984 ΑΒ
1665 1916 1827 2004 μετὰ
1874 1921 1994 1998 τᾶς
2035 1922 2433 2006 τριπλασίας

386 2025 507 2101 τᾶς
551 2027 687 2089 ΒΓ
730 2022 842 2089 καὶ
899 2020 940 2090 ἁ
987 2030 1126 2090 ΒΛ
1177 2023 1329 2090 ποτὶ
1385 2021 1511 2090 τὰν
1558 2024 1998 2109 συγκειμέναν
2045 2025 2116 2091 ἐκ
2161 2027 2280 2104 τοῖς
2326 2027 2430 2090 δι-

388 2134 670 2207 πλασίας
724 2130 1241 2216 συναμφοτέρου
1294 2133 1419 2208 τᾶς
1468 2136 1533 2196 Α
1543 2137 1601 2197 Β
1613 2180 1632 2215 ,
1679 2137 1812 2198 ΒΕ
1861 2130 1973 2196 καὶ
2027 2133 2146 2209 τᾶς
2198 2153 2430 2217 τετρα-

388 2239 670 2313 πλασίας
714 2239 839 2302 τᾶν
886 2241 1031 2321 ΓΒ,
1078 2242 1233 2302 ΒΛ.
1316 2234 1485 2303 ὥστε
1530 2235 1641 2302 καὶ
1689 2233 1779 2316 ὥς
1825 2233 1867 2302 ἆ
1917 2242 2047 2303 ΟΕ
2088 2235 2240 2303 ποτὶ
2286 2242 2432 2302 ΕΔ
2657 2229 2659 2324 ξ

284 2361 353 2410 2ο
389 2341 592 2424 ἐστιν,
642 2338 853 2422 οὕτως
898 2338 941 2409 ἆ
988 2347 1112 2409 ΓΒ
1158 2340 1319 2430 μετὰ
1369 2346 1488 2422 τᾶς
1533 2335 1923 2430 τριπλασίας
1965 2347 2085 2422 τᾶς
2130 2348 2267 2409 ΒΛ
2311 2341 2430 2408 καὶ
2657 2333 2659 2338 ’

390 2449 743 2527 διπλασίας
794 2450 912 2526 τᾶς
958 2453 1083 2514 ΕΒ
1130 2447 1281 2514 ποτὶ
1326 2445 1453 2515 τάν
1501 2437 1860 2516 διπλασίαν
1907 2447 2429 2536 συναμφοτέρου

387 2555 506 2632 τᾶς
541 2562 605 2620 Λ
617 2560 697 2639 Β,
735 2560 868 2621 ΒΕ
898 2553 1011 2621 καὶ
1046 2561 1534 2642 τετραπλασίαν
1570 2556 2088 2644 συναμφοτέρου
2123 2558 2243 2633 τᾶς
2276 2559 2427 2640 ΓΒ,

388 2666 541 2728 ΒΔ.
634 2665 815 2728 ἔστιν
863 2660 940 2728 δὲ
982 2666 1125 2745 καί,
1181 2658 1273 2740 ὥς
1318 2657 1361 2726 ἆ
1411 2669 1552 2729 ΔΕ
1593 2661 1744 2729 ποτὶ
1791 2667 1947 2748 ΕΒ,
2006 2659 2218 2740 οὕτως
2263 2657 2309 2727 ἅ
2353 2683 2428 2727 τε

389 2776 454 2834 Α
464 2771 529 2833 Γ
573 2768 724 2834 ποτὶ
770 2773 920 2835 ΓΒ·
1007 2767 1147 2836 ἐπεὶ
1200 2768 1312 2833 καὶ
1367 2765 1533 2835 κατὰ
1594 2766 1946 2836 σύνθεσιν·
2018 2767 2132 2836 καὶ
2187 2763 2228 2834 ἆ
2285 2790 2426 2854 τρι-

284 2891 352 2940 25
388 2880 635 2942 πλασία
690 2879 807 2955 τοῖς
853 2880 977 2942 ΓΔ
1024 2874 1176 2942 ποτὶ
1222 2872 1348 2941 τάν
1394 2879 1791 2962 τριπλασίαν
1836 2878 1954 2956 τᾶς
2000 2881 2166 2961 ΔΒ,
2220 2872 2333 2941 καὶ
2379 2869 2428 2938 ἆ

389 2984 707 3048 διπλασία
750 2985 871 3060 τᾶς
918 2990 985 3048 A
994 2988 1058 3049 E
1098 2982 1251 3049 ποτὶ
1298 2979 1423 3049 τάν
1471 2985 1829 3049 διπλασίαν
1874 2983 1991 3060 τᾶς
2035 2986 2180 3047 ΕΒ.
2254 2975 2427 3048 ὥστε

388 3087 501 3153 καὶ
557 3084 599 3153 ἁ
658 3087 1057 3173 συγκειμένα
1114 3093 1185 3154 ἔκ
1240 3113 1313 3154 τε
1366 3091 1485 3168 τᾶς
1528 3093 1667 3156 ΑΓ
1711 3088 1825 3154 καὶ
1876 3092 2266 3175 τριπλασίας
2305 3089 2430 3165 τᾶς

387 3199 515 3261 ΓΛ
568 3193 679 3260 καὶ
738 3196 1089 3273 διπλασίας
1142 3197 1262 3274 τᾶς
1310 3203 1378 3261 A
1388 3202 1451 3262 E
1495 3195 1648 3263 ποτὶ
1692 3192 1816 3262 τάν
1863 3194 2304 3280 συγκειμέναν
2351 3197 2426 3286 ἔκ

389 3328 459 3369 τε
503 3305 623 3381 τᾶς
659 3306 781 3368 ΓΒ
827 3300 939 3367 καὶ
983 3306 1374 3388 τριπλασίας
1417 3305 1534 3381 τᾶς
1570 3310 1638 3369 A
1648 3308 1706 3368 B
1750 3301 1863 3369 καὶ
1911 3304 2264 3378 διπλασίας
2305 3303 2428 3378 τοῖς

533 3469 583 3516 2.
621 3481 761 3530 προς
806 3477 909 3532 per
946 3477 1126 3531 comp.
1164 3461 1236 3529 F;
1284 3476 1422 3516 corr.
1453 3460 1758 3532 Torellius,
1796 3462 1860 3516 ut
1895 3460 1994 3515 lin.
2033 3463 2066 3514 5
2103 3459 2207 3526 bis,
2247 3465 2280 3514 6
2316 3457 2424 3524 bis,

390 3537 451 3602 8,
493 3538 588 3599 11,
631 3537 722 3601 15,
764 3537 857 3602 17,
897 3537 989 3603 19,
1028 3538 1125 3601 21,
1162 3539 1252 3602 23,
1288 3538 1378 3602 24,
1415 3539 1503 3602 25,
1539 3538 1626 3601 26,
1666 3537 1750 3587 28.
1933 3537 1984 3586 6.
2025 3531 2157 3600 oa]
2198 3532 2314 3585 ΘΔ
2349 3529 2423 3596 Ε,
