2659 3967
1004 195 1443 257 ARENARma
2106 203 2240 271 259

211 347 342 412 164
388 346 618 412 diuiso.
695 367 850 410 nam
898 344 1189 430 aequalis
1236 349 1336 409 est
1380 347 1639 434 angulo,
1688 348 1790 413 oui
1836 349 1939 413 sol·
1974 353 2237 435 aptatur

207 453 521 519 uerticem
565 453 638 518 in
685 451 872 518 oculo
919 450 1206 516 habenti.
1277 472 1481 535 quare
1528 454 1805 540 angulus
1843 454 2037 521 lineis
2071 459 2233 542 ΘΜ,

207 562 338 623 ΘΟ
393 557 894 643 comprehensus
951 556 1166 621 minor
1219 560 1318 621 est
1363 579 1493 624 una
1536 564 1723 643 parte
1766 564 1943 626 recto
1992 562 2235 648 angulo

203 664 275 728 in
315 668 539 748 partes
583 663 712 729 164
749 663 986 746 diuiso,
1031 665 1098 726 et
1138 663 1311 727 linea
1348 667 1487 730 ΑΒ
1518 666 1730 731 minor
1766 671 1867 732 est
1900 667 2075 732 linea
2112 668 2231 733 sub

207 791 399 835 unam
435 774 692 855 partem
731 753 1163 850 subtendenti‚
1209 769 1458 836 ambitu
1494 772 1715 838 circuli
1744 777 1955 838 ΑΒΓ
1978 774 2049 839 in
2084 795 2232 858 par-

204 880 306 941 tes
343 875 475 942 656
522 875 751 943 diuis0.
826 875 936 941 sed
989 876 1373 961 perimetrus
1418 879 1732 965 polygoni
1776 880 1955 945 illius
2004 881 2084 946 ad
2128 903 2229 946 ra·
2253 882 2335 950 19

207 981 386 1047 dium
453 982 678 1048 circuli
732 984 942 1047 ΑΒΓ
995 982 1307 1048 minorem
1368 985 1691 1050 rationem
1746 987 1971 1070 habet,
2036 1007 2231 1072 quam

202 1090 392 1174 4427,
421 1089 578 1174 quia
612 1089 1000 1174 perimetrus
1029 1089 1310 1154 cuiusuis
1338 1092 1650 1178 polygoni
1672 1094 1910 1159 circulo
1931 1093 2231 1178 inseripti

206 1195 288 1259 ad
331 1196 590 1262 radium
626 1194 945 1260 minorem
981 1195 1304 1260 rationem
1332 1195 1551 1276 habet,
1596 1217 1789 1282 quam
1815 1198 1948 1263 44:
1981 1200 2041 1265 7.
2112 1221 2227 1266 no-

201 1303 363 1368 uisti
408 1302 580 1368 enim
629 1322 672 1367 a
705 1301 895 1367 nobis
933 1300 1440 1366 demonstratum
1477 1323 1636 1388 esse,
1681 1305 1964 1370 cuiusuis
2004 1305 2228 1372 circuli

204 1409 525 1474 ambitum
589 1407 902 1473 maiorem
958 1427 1100 1472 esse
1171 1427 1366 1491 quam
1438 1407 1634 1494 triplo
1708 1412 2020 1478 maiorem
2094 1411 2227 1478 dia-

201 1519 414 1580 metro
454 1514 669 1600 spatio
703 1497 973 1597 minore,
1009 1535 1202 1598 quam
1241 1517 1344 1578 est
1377 1514 1650 1599 septima
1685 1537 1838 1600 pars
1870 1517 2223 1600 [diametri]

203 1617 418 1702 [κύκλ.
453 1619 631 1706 μέερ.
668 1621 758 1702 3].
839 1641 916 1685 eo
965 1623 1182 1684 autem
1219 1620 1428 1685 minor
1458 1624 1563 1686 est
1603 1623 1996 1706 perimetrus
2038 1623 2227 1707 poly-

203 1728 360 1814 goni
405 1728 708 1812 inseripti
755 1724 931 1812 [περὶ
969 1742 1090 1810 οφ.
1135 1723 1248 1790 καὶ
1292 1731 1431 1792 xvi.
1469 1726 1507 1792 I
1551 1749 1615 1812 p.
1665 1727 1767 1811 10,
1803 1728 1937 1810 23].
2028 1749 2226 1814 quare

203 1838 338 1899 BA
360 1837 531 1898 εΘΚ
547 1843 618 1908 <
641 1834 719 1898 11
744 1856 761 1896 :
784 1831 973 1897 1148.
1029 1833 1250 1917 itaque
1289 1836 1653 1918 BA<Ttu
1672 1835 1824 1898 ΘΚ.
1872 1833 1985 1898 sed
2019 1834 2226 1900 lineae
2244 1835 2333 1901 20

203 1945 338 2005 BA
383 1939 669 2025 aequalis
717 1943 820 2004 est
861 1939 1216 2004 diametrus
1263 1938 1479 2003 circuli
1520 1941 1683 2026 ΣΗ,
1730 1939 1882 2023 quia

837 2048 974 2110 ΦΑ
1003 2075 1088 2098 =
1115 2048 1305 2128 ᾖΒΑ
1336 2073 1420 2097 ==
1448 2047 1513 2110 K
1520 2045 1595 2128 P;

201 2175 356 2218 nam
403 2175 549 2218 eum
594 2156 694 2217 est
737 2155 872 2216 ΘΚ
901 2181 986 2204 ==
1015 2155 1176 2236 ΘΑ,
1223 2151 1307 2216 ab
1356 2151 1647 2216 terminis
1691 2171 1913 2216 earum
1956 2173 2227 2238 perpen-

202 2260 524 2326 diculares
561 2259 790 2323 ductae
828 2261 981 2323 sunt
1021 2257 1258 2338 [lineae
1290 2261 1448 2336 ΦΑ,
1476 2261 1541 2322 Κ
1547 2261 1633 2340 Ρ]
1641 2309 1659 2344 ,
1696 2258 1792 2324 ita
1819 2263 1894 2323 ut
1922 2260 2042 2325 sub
2072 2281 2225 2326 eun-

206 2366 354 2431 dem
391 2365 702 2450 angulum
739 2361 1210 2451 subtendant.¹)
1284 2363 1547 2448 adparet
1580 2363 1799 2452 igitur,
1834 2367 2225 2432 diametrum

201 2471 427 2538 circuli
463 2474 612 2537 ΣΗ
643 2471 961 2537 minorem
1000 2491 1141 2536 esse
1177 2492 1375 2555 quam
1402 2475 1531 2555 ῑῇῃ
1550 2473 1696 2536 ΘΚ.
1761 2475 1829 2536 et
1867 2472 2224 2538 diametrus

201 2582 406 2642 ΕΘΤ
444 2577 659 2643 minor
705 2579 808 2642 est
851 2576 1172 2642 diametro
1215 2575 1443 2642 circuli
1478 2579 1639 2661 ΣΗ,
1680 2579 1988 2662 quoniam
2025 2579 2222 2644 circu-

207 2685 312 2748 lus
350 2689 418 2748 Δ
428 2687 554 2749 ΕΖ
598 2683 814 2748 minor
859 2687 959 2748 est
1004 2683 1244 2748 circulo
1289 2685 1445 2746 ΣΗ
1484 2667 1777 2766 [hypoth.
1822 2684 1913 2764 2J.
2000 2685 2222 2769 itaque

347 2879 400 2945 1)
435 2876 505 2932 Η.
544 2891 591 2930 0.
637 2875 694 2929 Δ
721 2877 887 2930 em
915 2879 988 2942 Ξ
1017 2877 1207 2940 exn
1245 2873 1403 2930 Euel.
1440 2873 1485 2942 1,
1521 2879 1606 2928 πε.

201 3053 424 3109 Wallis.
572 3050 817 3109 ἐλάττων
855 3048 1006 3108 ἐστίν
1044 3051 1119 3106 ad
1156 3053 1509 3122 πολυγωνίου
1544 3050 1642 3106 lin.
1674 3057 1739 3106 16
1764 3051 1984 3120 addidi3
2022 3067 2129 3106 om.
2157 3052 2221 3122 F,

199 3126 389 3196 uulgo
521 3131 604 3180 16.
645 3127 853 3178 ελαττω
891 3122 1090 3178 relicta
1122 3123 1328 3178 lacuna
1361 3121 1610 3192 quinque
1636 3121 1945 3180 litterarum
1972 3121 2041 3190 Ἐς
2081 3139 2219 3178 corr.

198 3195 474 3251 Riualtus.
589 3201 671 3250 17.
711 3189 780 3266 ἁ]
814 3214 851 3262 η
889 3213 926 3248 α
961 3194 1033 3260 Ἐς
1082 3211 1219 3250 corr.
1257 3194 1320 3249 B.
1504 3195 1589 3248 21).
1628 3189 1779 3264 ΣῊ]
1810 3197 1934 3249 ΕΗ
1965 3193 2035 3260 Ἐς
2082 3210 2220 3249 cort.

199 3267 285 3320 ed.
323 3265 492 3322 Basil.
619 3271 705 3320 21.
746 3266 878 3336 ΘΑ]
918 3264 1141 3335 scripsi3
1177 3285 1248 3320 τα
1288 3265 1395 3319 ΘΑ
1428 3263 1492 3333 Ἐ,
1528 3263 1719 3334 uulgo.
1838 3270 1924 3322 22.
1962 3259 2223 3332 περάτων

199 3339 256 3391 Κ
263 3343 307 3390 Α
344 3335 612 3394 Gerizim.
765 3331 1174 3407 ἐπεζευγμέναι
1211 3330 1365 3408 ἐντί]
1402 3333 1623 3406 scripsi3
1661 3337 2125 3407 επιζευγνυμεναι
2160 3333 2223 3403 Ἐ,

197 3408 388 3478 uulgo,
551 3413 639 3464 28.
677 3407 833 3479 ΣΗ]
880 3409 1047 3461 ΑΒΓ
1084 3406 1158 3474 Ἐς
1209 3423 1349 3462 corr.
1396 3407 1443 3461 B
1487 3423 1661 3462 manu
1705 3413 1763 3460 2?
1904 3411 1989 3461 25.
2028 3400 2223 3476 διάμε-

197 3479 351 3550 τρος]
391 3499 568 3548 γωνια
604 3478 675 3547 Ἐς
726 3494 866 3533 corr.
905 3475 1189 3545 Riualtus,
1227 3477 1272 3532 B
1309 3495 1423 3548 mg.
1573 3476 1725 3549 ΣΗ]
1764 3479 1935 3533 ΑΒΗ
1964 3478 2034 3545 Ἐς
2082 3493 2221 3532 corr.

196 3550 243 3604 B
279 3565 453 3605 manu
481 3556 531 3605 2.
677 3553 763 3604 26.
802 3549 954 3620 ΣΗ]
995 3551 1120 3603 ΕΗ
1146 3548 1218 3617 Ἐς
1257 3563 1397 3604 corr.
1434 3547 1499 3602 B.

1804 3635 1908 3691 1⁷¹·
