2659 3967
408 146 537 212 122
1125 149 1302 202 ΠΕΡΙ
1339 146 1639 200 ΕΜΚῼΝ.

403 292 487 377 τᾷ
535 293 813 380 μεγίστα
860 297 1005 369 ἴσος
1050 285 1088 355 ὁ
1136 295 1271 358 ΘΑ
1280 295 1338 356 Ζ
1382 287 1644 374 τομεύς,
1689 300 1832 367 τοϊς
1875 287 1952 356 δὲ
1997 283 2127 355 ἀπὸ
2175 289 2302 354 τᾶν
2344 288 2438 377 τῷ
2551 316 2562 323 ·

406 404 531 488 ἴσῳ
576 392 879 464 ἆλλάλαν
922 393 1387 484 ὑπερεχουσᾶν
1431 392 1506 462 τὸ
1553 393 2183 483 περιγεγραμμένον.
2249 391 2439 462 ἐλάσ-
2650 360 2655 490 J

407 521 577 571 σονα
642 493 773 572 οὖν
836 501 1045 590 λόγον
1101 507 1233 590 ἔχει
1288 499 1325 570 ὁ
1376 509 1576 570 ΘΑΖ
1628 497 1871 587 τομεύς
1923 501 2076 568 ποτὶ
2126 500 2204 568 τὸ
2261 524 2440 588 περι·
2653 499 2655 524 ’

405 610 869 697 γεγραμμένον
916 612 1161 696 σχῆμα,
1204 605 1247 695 ἢ
1292 606 1372 676 τὸ
1407 607 1831 697 τετράγωνον
1867 605 1946 675 τὸ
1983 605 2116 676 άπὸ
2155 610 2273 686 τάς
2308 614 2441 674 ΘΑ

334 730 368 780 5
404 716 559 784 ποτὶ
603 713 685 782 τὰ
731 713 1207 802 συναμφότερα
1252 713 1330 782 τό
1378 739 1450 782 τε
1492 711 1626 782 ὑπὸ
1671 718 1798 782 τᾶν
1833 721 1987 801 ΘΑ,
2035 721 2166 781 ΘΕ
2203 711 2317 780 καὶ
2361 710 2438 779 τὸ
2646 587 2658 808 j

405 826 634 910 τρίτον
689 822 890 909 μέρος
934 823 1057 888 τοῦ
1104 817 1235 888 ἀπὸ
1281 822 1401 899 τοῖς
1448 826 1590 887 ΖΕ.
1682 815 1764 887 ὃν
1811 819 1888 888 δὲ
1931 819 2141 907 λόγον
2187 825 2318 907 ἔχει
2362 817 2440 886 τὸ

407 926 539 998 άπὸ
585 932 707 1006 τοῖς
739 934 875 995 ΘΑ
920 927 1071 996 ποτὶ
1116 925 1198 996 τὰ
1238 927 1578 1016 εἰρημένα,
1606 923 1870 996 ’τοῦτον
1903 924 2026 994 τὸν
2062 926 2272 1014 λόγον
2307 930 2441 1014 ἔχει

353 1082 365 1092 -
408 1033 445 1102 ὅ
503 1041 636 1102 ΘΑ
647 1041 702 1101 Ζ
753 1030 997 1120 τομεύς
1048 1033 1201 1102 ποτὶ
1254 1031 1377 1102 τὸν
1432 1040 1500 1101 Χ
1505 1051 1541 1104 Q
1596 1034 1818 1121 τομέα.
1911 1031 2078 1104 ὥστε
2138 1032 2441 1103 ἐλάσσων

409 1140 591 1208 ἐστὶν
656 1137 695 1208 ὁ
753 1146 822 1207 Χ
825 1156 862 1211 (ἢ
924 1137 1167 1226 τομεὺς
1228 1145 1354 1209 τοῦ
1419 1141 2029 1231 περιγεγραμμένου
2093 1139 2442 1228 σχήματος.

303 1261 371 1310 10
410 1244 535 1314 οὔκ
590 1249 729 1315 ἐστι
784 1247 891 1333 δέ,
957 1243 1128 1315 ἀλλὰ
1184 1253 1444 1334 μείζων.
1524 1238 1663 1316 ὀὐκ
1716 1245 1852 1336 ἄρα
1907 1249 2191 1316 ἐσσείται
2238 1244 2274 1315 ὁ
2331 1254 2402 1314 Χ
2404 1264 2440 1319 Q

406 1351 647 1440 τομεὺς
702 1358 945 1441 μείζων
998 1356 1125 1421 τοῦ
1176 1355 1653 1441 περιεχομένου
1706 1359 1960 1443 χωρίου
2011 1350 2145 1421 ὑπό
2199 1378 2271 1420 τε
2323 1356 2445 1433 τοῖς

408 1466 753 1528 ΑΒΓΔΕ
794 1461 1011 1539 ἕλικος
1054 1459 1167 1526 καὶ
1212 1464 1340 1528 τᾶν
1385 1467 1540 1547 ΑΘ,
1588 1468 1719 1528 ΘΕ
1757 1458 2058 1528 εὐθειᾶν.

544 1565 707 1635 οὐδὲ
750 1572 987 1634 τοίνυν
1034 1564 1342 1634 ἐλάττων.
1434 1571 1602 1635 ἔστω
1647 1565 1777 1656 γὰρ
1824 1567 2158 1654 ἐλάσσων,
2203 1566 2317 1634 καὶ
2361 1566 2444 1634 τὰ

408 1671 581 1741 ἄλλα
625 1671 706 1741 τὰ
755 1670 926 1742 αὐτοὶ
962 1671 1494 1742 κατεσκευάσθω.
1559 1672 1765 1742 πάλιν
1804 1672 1889 1759 δὴ
1929 1673 2222 1742 δυνατόν
2259 1677 2444 1742 ἐστιν

1311 1783 1410 1859 είς
1448 1776 1524 1847 τὸ
1564 1784 1815 1867 χωρίον
1855 1778 2186 1866 ἐγγράψαι
2223 1782 2445 1867 σχῆμα

1312 1887 1630 1954 ἐπίπεδον
1713 1886 1780 1966 ἐξ
1855 1882 2113 1972 ὁμοίων
2180 1887 2443 1972 τομέων

981 1978 1006 2023 ”
1098 2078 1112 2089 .
1145 2026 1178 2043 .,
1311 1998 1774 2079 συγκείμενον,
1801 1989 1972 2060 ὥστε
1987 1990 2064 2060 τὸ
2087 1993 2446 2080 εἰρημένον

1087 2096 1106 2114 ⁷
1311 2104 1564 2186 χωρίον
1629 2105 1854 2186 μεῖζον
1908 2095 2094 2184 εἶμεν
2156 2101 2280 2166 τοῦ
2342 2099 2446 2183 ἐγ-

1311 2205 1688 2292 γραφέντος
1731 2203 2062 2292 σχήματος
2108 2203 2444 2291 ἐλάσσονι,

1310 2306 1354 2397 ἢ
1401 2307 1610 2402 ἁλίκςο
1657 2308 1959 2398 ὑπερέχει
1995 2308 2073 2378 τὸ
2113 2306 2278 2378 αὐτὸ
2317 2335 2446 2397 χω-
2565 2338 2570 2346 ·

1313 2421 1466 2504 ρίον
1555 2420 1680 2485 τοῦ
1763 2424 1834 2483 Χ
1836 2433 1872 2488 Q
1953 2416 2220 2501 τομέως.
2337 2417 2444 2502 ἐγ-
2657 2463 2659 2534 1

1311 2520 1682 2611 γεγράφθω
1731 2514 1889 2609 οὖν,
1933 2523 2046 2590 καὶ
2091 2526 2259 2590 ἔστω
2303 2526 2444 2590 τῶν

1312 2630 1603 2716 τομέων,
1665 2629 1736 2709 ἐξ
1797 2619 1897 2697 ὦν
1962 2633 2300 2715 συγκείται
2364 2627 2442 2697 τὸ

1315 2735 1852 2823 ἐγγεγραμμένον
1871 2739 2112 2823 σκῆμα,
2135 2735 2446 2821 μέγιστος

1314 2840 1440 2928 μὲν
1496 2838 1533 2909 ὅ
1580 2848 1817 2927 ΘΒΗ,
1882 2839 2224 2928 ἐλάχιστος
2279 2839 2356 2908 δὲ
2402 2837 2441 2909 ὁ

1318 2953 1528 3015 ΟΘΕ.
1597 2950 1811 3033 δῆλον
1856 2937 2015 3033 οὖν,
2065 2945 2170 3014 ὅτι
2212 2945 2289 3014 τὸ
2339 2948 2446 3033 ἐγ-

1313 3053 1776 3142 γεγραμμένον
1802 3055 2022 3140 σχῆμα
2050 3052 2275 3139 μεῖζόν
2303 3054 2447 3121 ἐστι

1312 3163 1438 3228 τοῦ
1463 3166 1532 3227 Χ
1533 3175 1572 3230 Q
1597 3160 1865 3246 τομέως.
1911 3157 2118 3226 πάλιν
2149 3148 2278 3226 οὖν
2303 3160 2452 3226 ἐντί

409 3291 587 3345 τινες
622 3264 919 3354 γραμμαὶ
955 3268 1048 3358 τῷ
1078 3273 1201 3358 ἴσῳ
1231 3262 1532 3334 άλλάλαν
1557 3263 2023 3355 ὑπερεχούσαι,
2061 3267 2136 3333 αἰ
2159 3260 2291 3332 ἀπὸ
2318 3267 2446 3332 τοῦ

556 3433 606 3483 2.
644 3423 1168 3497 περιγεγραμμένον
1204 3425 1393 3508 σχῆμα
1429 3424 1724 3482 Toranius.
1847 3430 1898 3480 5.
1936 3420 2001 3480 τό
2039 3424 2126 3497 τε]
2167 3444 2246 3479 τω
2279 3443 2343 3480 τε
2381 3419 2442 3478 F.

413 3503 463 3553 8.
500 3501 560 3552 X
566 3497 629 3570 Q]
668 3501 728 3552 X
754 3497 826 3565 1⁴¹3
864 3512 1007 3553 corr.
1043 3494 1340 3566 TorelhuS,
1376 3497 1443 3552 uk.
1477 3497 1578 3554 lin.
1616 3502 1666 3552 9.
1805 3501 1889 3551 10.
1928 3513 2086 3551 εσται
2122 3513 2223 3565 per
2260 3511 2446 3566 comp.
