2659 3967
584 160 685 216 DE
722 160 1131 218 PLANORUM
1166 161 1660 228 AEQUILIBRIIS
1696 165 1804 220 etc.
2089 161 2218 228 159

170 305 529 390 grauitatis
586 309 688 370 est
740 311 1051 390 punctum
1097 309 1170 372 Γ.
1261 307 1483 392 itaque
1538 307 1990 394 magnitudine
2035 314 2100 373 A
2145 308 2220 374 in

167 415 419 496 puncto
474 416 541 476 E
586 412 835 497 posita,
887 417 946 477 B
998 415 1218 478 autem
1272 414 1343 478 in
1390 418 1485 499 A,
1539 435 1618 478 ex
1671 418 1908 498 puncto
1966 416 2032 479 Γ
2075 437 2215 481 sus-

170 539 421 602 pensae
469 518 1021 602 aequilibritatem
1070 519 1442 586 seruabunt.

1121 711 1269 779 VH.

308 837 453 902 Iam
494 836 693 902 etiam
726 837 783 902 si
810 836 1504 904 incommensurabiles
1534 841 1688 904 sunt
1713 839 2215 925 magnitudines,

168 945 404 1010 eodem
450 943 645 1010 modo
692 943 1245 1030 aequilibritatem
1283 945 1640 1010 seruabunt
1675 967 1755 1010 ex
1789 945 2212 1031 longitudini-

168 1052 301 1118 bus
349 1074 725 1138 suspensae,
772 1073 935 1136 quae
981 1052 1051 1116 in
1097 1052 1426 1118 contraria
1467 1053 1892 1137 proportione
1939 1057 2092 1118 sunt
2136 1074 2214 1118 ac

168 1159 684 1244 magnitudines.

302 1265 787 1351 magnitudines
840 1265 1531 1332 incommensurabiles
1578 1266 1711 1330 sint
1755 1269 1888 1330 AB
1899 1316 1918 1349 ,
1953 1268 2032 1351 Γ,
2074 1265 2212 1331 lon-

172 1373 507 1458 gitudines
554 1376 769 1438 autem
817 1373 1075 1457 aliquae
1132 1375 1295 1455 AE,
1339 1375 1496 1456 EZ,
1552 1375 1620 1437 et
1675 1373 1763 1436 sit
1806 1376 1939 1436 AB
1979 1394 1994 1435 :
2031 1373 2097 1436 Γ
2127 1401 2212 1426 =

170 1484 244 1543 E
250 1485 319 1545 A
346 1505 361 1546 :
388 1484 453 1545 E
461 1485 533 1544 Z.
625 1479 797 1565 dico,
852 1483 1145 1546 centrum
1202 1479 1550 1565 grauitatis
1604 1479 2076 1565 magnitudinis
2135 1502 2214 1545 ex

170 1588 451 1670 utraque
497 1590 647 1671 ΑΒ,
686 1589 751 1650 Γ
788 1585 1185 1670 compositae
1232 1607 1376 1651 esse
1412 1589 1724 1670 punctum
1770 1589 1846 1649 E.
1861 1584 1912 1667 1)

311 1713 468 1758 nam
514 1693 573 1757 si
618 1692 1171 1778 aequilibritatem
1206 1714 1337 1757 non
1388 1692 1744 1758 seruabunt
1788 1696 1919 1756 AB
1957 1693 2212 1777 magni-

168 1798 333 1864 tudo
387 1799 458 1863 in
516 1801 757 1883 puncto
814 1804 869 1864 Z
922 1801 1165 1884 posita,
1220 1802 1287 1865 Γ
1333 1820 1488 1865 uero
1534 1799 1604 1864 in
1647 1803 1891 1882 puncto
1940 1804 2033 1882 A,
2093 1804 2212 1863 aut

172 1904 387 1971 maior
423 1907 547 1972 erit
582 1910 713 1970 AB
743 1905 1190 1991 magnitudine
1218 1908 1293 1990 Γ,
1331 1927 1524 1990 quam
1561 1909 1636 1970 ut
1663 1905 2211 1991 aequilibritatem

171 2015 417 2095 seruet,
474 2015 588 2076 aut
641 2034 773 2079 non
820 2015 1049 2078 maior.
1142 2013 1229 2078 sit
1275 2013 1512 2098 maior,
1575 2016 1640 2077 et
1685 2035 1724 2077 a
1767 2012 2213 2097 magnitudine

169 2123 308 2184 AB
382 2117 717 2184 auferatur
787 2117 1169 2203 magnitudo
1244 2119 1459 2184 minor
1521 2140 1814 2202 excessu,
1886 2139 2012 2202 quo
2078 2122 2209 2182 AB

168 2225 624 2312 magnitudine
678 2228 744 2291 Γ
798 2226 1008 2292 maior
1072 2228 1199 2309 est,
1268 2245 1465 2310 quam
1527 2229 1602 2290 ut
1665 2224 2213 2311 aequilibritatem

176 2335 412 2417 seruet,
457 2333 553 2397 ita
590 2336 684 2416 ut,
724 2353 887 2416 quae
924 2332 1313 2416 relinquitur
1350 2332 1732 2418 magnitudo
1771 2338 1854 2417 A,
1891 2353 2213 2399 commen-

172 2439 481 2504 surabilis
541 2439 632 2505 sit
686 2438 1123 2524 magnitudini
1176 2440 1242 2504 Γ
1304 2440 1393 2520 [u.
1449 2438 1811 2520 EutociusJ.
1901 2440 2212 2525 quoniam

171 2545 378 2631 igitur
432 2551 521 2630 A,
566 2548 632 2611 Γ
685 2545 1167 2630 magnitudines
1224 2545 1840 2612 commensurabiles
1897 2547 2080 2629 sunt,
2145 2549 2214 2610 et

172 2656 276 2718 est
320 2659 385 2718 A
414 2676 428 2717 τ
464 2653 619 2725 Γ<
648 2655 791 2716 ΔΕ
813 2676 829 2717 :
858 2655 1003 2735 ΕΖ,
1046 2651 1531 2738 magnitudines
1579 2658 1659 2735 A,
1696 2654 1762 2717 Γ
1798 2672 1877 2715 ex
1920 2651 2211 2736 longitu-

170 2759 433 2825 dinibus
492 2763 559 2823 A
570 2763 655 2844 E,
702 2762 827 2823 ΕΖ
882 2779 1266 2848 suspensae,
1326 2760 1424 2824 ita
1479 2761 1554 2822 ut
1608 2763 1673 2822 A
1724 2757 1796 2821 in
1850 2759 2098 2840 puncto
2157 2761 2212 2820 Z

168 2869 481 2951 ponatur,
532 2866 598 2929 Γ
645 2867 862 2929 autem
917 2864 987 2929 in
1041 2869 1283 2950 puncto
1333 2869 1426 2950 A,
1482 2861 2030 2947 aequilibritatem
2076 2885 2207 2928 non

319 3042 371 3107 1)
410 3038 497 3094 Sc.
535 3023 924 3110 magnitudine
960 3045 1061 3094 AB
1099 3039 1159 3094 in
1197 3043 1239 3093 Z
1275 3040 1479 3108 posita,
1521 3043 1574 3093 Γ
1606 3039 1798 3093 autem
1836 3038 1895 3092 in
1933 3043 2003 3093 Δ.

168 3217 371 3274 tocius.
505 3224 588 3274 16.
626 3218 843 3290 μεῖζον]
883 3234 1011 3272 cum
1048 3217 1311 3284 Eutoci03
1355 3219 1560 3287 μειζων
1597 3216 1661 3284 F,
1698 3215 1889 3288 uulgo.
2010 3210 2074 3288 ἥ]
2114 3217 2212 3271 ad·

170 3289 317 3356 didi;
358 3305 465 3342 om.
503 3289 567 3357 F,
603 3289 796 3358 uulgo.
924 3295 1008 3344 17.
1045 3285 1136 3360 τό]
1177 3289 1342 3344 deleo
1379 3305 1505 3343 cum
1541 3287 1795 3344 Eutocio.
1919 3305 2073 3341 ειναι
2109 3303 2212 3356 per

172 3377 359 3430 comp.
395 3361 465 3427 F3
503 3376 642 3419 corr.
685 3359 981 3416 Torellius.
1145 3359 1250 3433 τῷ]
1288 3378 1352 3413 το
1388 3359 1458 3426 F;
1498 3374 1638 3414 corr.
1677 3357 1972 3414 Torellius.
2122 3363 2202 3412 19.

170 3454 239 3517 Γ,
274 3443 339 3521 ἢ]
362 3434 504 3504 ‘fl-I
532 3449 595 3505 F.
742 3468 883 3520 προς
917 3465 1018 3520 per
1055 3464 1237 3518 comp.
1276 3449 1352 3515 F;
1399 3464 1541 3504 corr.
1581 3446 1880 3502 Torellius.
2026 3464 2208 3516 ισορο-

170 3539 450 3591 πησουντι
485 3519 546 3574 F.
1383 3565 1398 3577 ,
