2659 3967
434 197 573 262 440
1036 196 1257 253 LIBER
1288 194 1858 253 ASSUMPTORUM.

434 342 665 428 utique
720 343 943 409 omnia
996 341 1314 427 quadrata
1357 341 1524 426 AE,
1568 340 1736 426 ΒΕ,
1779 338 1932 426 ΕΟ,
1973 340 2120 407 ΕΒ
2173 343 2474 427 aequalia

436 448 757 533 quadrato
804 448 1123 515 diametri.

572 555 919 623 educamus
964 554 1353 620 diametrum
1394 553 1549 636 AF,
1597 558 1664 620 et
1699 556 2045 640 iungamus
2081 554 2292 619 lineas
2324 550 2474 636 ΑΟ,

1282 659 1458 745 AD,
1505 658 1644 743 ΟΕ,
1687 659 1855 726 ΒΒ.
1946 664 2013 725 et
2063 660 2220 745 quia
2263 678 2476 743 angu-

1284 768 1388 832 lus
1432 765 1649 832 ΑΕΒ
1685 769 1786 831 est
1813 771 2048 850 rectus,
2083 766 2209 831 erit
2236 785 2472 847 aequa-

1294 981 1362 1042 et
1400 978 1679 1064 angulus
1716 977 1930 1044 ADO'
1959 920 2245 1062 aequalis
2274 920 2484 1042 21⁸0,

1292 1104 1390 1169 eo,
1437 1083 1608 1168 quod
1655 1088 1809 1149 sunt
1855 1106 2049 1169 super
2087 1104 2310 1149 arcum
2347 1080 2484 1148 ΑΟ

1285 1295 1536 1361 duobus
1582 1296 1933 1381 triangulis
1979 1294 2226 1380 ΔΒΕ,
2273 1292 2482 1359 ΑΕΟ

631 1433 653 1473 ,’
1282 1402 1410 1468 duo
1459 1402 1684 1488 anguli
1721 1400 1937 1486 ΟΑΕ,
1978 1401 2207 1466 DAE
2237 1422 2470 1485 aequa-

437 1509 553 1573 les.
627 1510 819 1573 erunt
863 1506 1112 1590 pariter
1154 1506 1282 1572 duo
1331 1528 1518 1573 arcus
1558 1506 1696 1592 ΟΕ,
1724 1507 1871 1573 ΒΒ
1919 1508 2221 1592 aequales
2261 1505 2476 1587 [Eucl.

439 1613 557 1699 ΙΠ,
586 1611 719 1701 26],
763 1615 967 1679 immo
1012 1617 1079 1679 et
1123 1613 1287 1679 duae
1335 1613 1614 1680 chordae
1659 1636 1881 1681 eorum
1921 1614 2226 1698 aequales
2264 1610 2476 1694 [Eucl.

440 1718 562 1804 ΠΙ,
608 1720 753 1802 29],
820 1723 887 1783 et
942 1718 1068 1784 duo
1126 1719 1444 1804 quadrata
1488 1718 1655 1803 DE,
1700 1719 1845 1785 ΕΒ
1900 1723 2262 1804 aequantur
2318 1740 2474 1802 qua·

440 1826 629 1892 drato
674 1824 823 1891 ΒΒ
869 1824 1081 1907 [Eucl.
1124 1824 1175 1911 I,
1221 1827 1358 1909 47],
1403 1848 1637 1910 nempe
1683 1825 1823 1910 ΟΕ,
1869 1830 1937 1890 et
1981 1826 2108 1892 duo
2157 1826 2474 1911 quadrata

440 1932 599 2017 AE,
622 1931 754 1999 ΕΟ
786 1934 1149 2017 aequantur
1184 1932 1502 2017 quadrato
1533 1930 1676 2014 CA,
1721 1934 1788 1997 et
1825 1931 1952 1997 duo
1991 1930 2307 2016 quadrata
2335 1930 2475 2014 ΟΕ,

443 2036 569 2105 ΟΛ
613 2042 974 2123 aequantur
1018 2038 1335 2123 quadrato
1380 2036 1538 2122 FA,
1583 2058 1814 2121 nempe
1861 2036 2177 2102 diametri.
2268 2038 2476 2121 igitur

444 2144 763 2229 quadrata
796 2144 953 2229 AB,
978 2144 1139 2230 ΕΒ,
1169 2143 1307 2229 ΟΕ,
1335 2143 1480 2209 ΕΒ
1523 2144 1745 2209 omnia
1792 2148 1943 2209 sunt
1983 2144 2285 2228 aequalia
2319 2164 2474 2227 qua·

444 2250 631 2315 drato
680 2249 999 2315 diametri.
1090 2254 1157 2315 et
1199 2250 1325 2317 hoc
1371 2254 1490 2334 est,
1537 2250 1708 2335 quod
1756 2251 2100 2315 noluimus.

1387 2443 1534 2511 XII.

580 2564 651 2632 Si
711 2566 913 2632 fuerit
975 2568 1416 2633 semicirculus
1481 2589 1678 2652 super
1735 2568 2120 2633 diametrum
2173 2566 2321 2632 AB
2328 2617 2348 2651 ,
2411 2571 2478 2631 et

442 2673 712 2740 eductae
766 2674 1011 2740 fuerint
1066 2695 1144 2739 ex
1190 2672 1249 2741 Ο
1294 2674 1460 2739 duae
1514 2673 1726 2740 lineae
1779 2678 2126 2760 tangentes
2171 2674 2361 2739 illum
2407 2675 2473 2737 in

444 2778 697 2844 duobus
742 2780 999 2863 punctis
1045 2779 1144 2864 D,
1176 2779 1260 2864 Ε,
1306 2784 1374 2844 et
1417 2779 1678 2845 iunctae
1723 2779 1967 2844 fuerint
2007 2777 2166 2863 EA,
2209 2776 2359 2844 ΒΒ
2407 2799 2474 2842 se

446 2887 672 2950 mutuo
720 2888 1013 2951 secantes
1058 2887 1129 2951 in
1172 2885 1263 2969 F,
1310 2890 1377 2950 et
1422 2884 1652 2951 iuncta
1694 2884 1894 2950 fuerit
1939 2882 2087 2968 ΟΕ,
2133 2887 2201 2949 et
2243 2883 2474 2967 produ-

446 2993 634 3055 catur
680 2990 763 3054 ad
809 2990 889 3075 G,
936 2991 1061 3057 erit
1104 2989 1229 3056 OG
1272 2990 1827 3076 perpendicularis
1875 2991 1956 3055 ad
2000 2990 2161 3055 AB.

578 3096 920 3181 iungamus
975 3094 1149 3179 DA,
1194 3095 1358 3160 ΕΒ.
1445 3101 1513 3161 et
1567 3097 1724 3181 quia
1775 3096 2052 3181 angulus
2096 3093 2319 3159 BDA
2373 3100 2474 3160 est

444 3204 660 3268 rectus
690 3200 919 3283 [Eucl.
954 3200 1075 3285 ΠΙ,
1110 3202 1245 3286 31],
1289 3205 1479 3267 erunt
1524 3201 1650 3267 duo
1697 3202 1927 3286 anguli
1972 3199 2209 3285 DAB,
2255 3199 2472 3265 DBA

442 3309 683 3394 reliqui
726 3308 797 3374 in
840 3308 1175 3393 triangulo
1221 3306 1448 3375 DAB
1491 3309 1792 3394 aequales
1835 3308 1947 3373 uni
1991 3309 2197 3391 rect03
2252 3308 2320 3371 et
2364 3327 2473 3371 an-

444 3415 638 3499 gulus
683 3412 903 3481 AEB
932 3416 1189 3479 rectus.
1280 3414 1485 3502 igitur
1539 3419 1692 3481 sunt
1738 3415 2039 3498 aequales
2087 3410 2163 3476 ei.
2254 3414 2321 3476 et
2365 3434 2474 3497 po·

444 3540 676 3585 namus
707 3520 1019 3603 angulum
1046 3519 1267 3585 ΕΒΕ
1290 3541 1726 3603 communem3
1764 3520 1957 3585 ambo
1987 3516 2208 3602 anguli
2236 3515 2472 3601 DAB,

1291 1188 1666 1275 [Euel.111,
1715 1190 1861 1273 27]·
1909 1193 1975 1254 et
2018 1193 2359 1255 remanent
2403 1190 2472 1253 in
2615 1214 2617 1289 3
