2659 3967
472 171 609 235 400
787 169 887 224 DE
924 167 1035 238 ns,
1074 167 1274 234 QUAE
1310 167 1394 223 m
1429 165 1722 223 Humno
1759 165 2189 222 mmmm

474 317 608 381 lam
671 315 905 402 igitur,
972 312 1145 398 quod
1208 333 1535 395 excessus,
1599 334 1730 397 quo
1785 313 2040 379 excedit
2089 315 2510 399 tetragonum

478 422 651 507 quod
708 445 749 487 a
791 421 941 488 BD
993 422 1415 506 tetragonum
1461 419 1632 505 quod
1679 441 1720 484 a
1762 419 1910 502 Bo,
1963 420 2046 485 ad
2091 423 2512 507 tetragonum

478 528 653 614 quod
698 551 741 594 a
783 525 931 596 BD
973 526 1291 592 minorem
1337 525 1580 592 habere
1625 526 2118 611 proportionem
2163 549 2381 611 quam
2423 549 2514 590 ex-

476 657 724 715 cessus,
787 655 917 719 quo
978 635 1400 718 tetragonum
1459 630 1630 717 quod
1695 655 1737 698 a
1788 631 1939 697 BD
2003 631 2260 698 excedit
2331 637 2514 698 tetra-

405 759 439 810 5
479 763 724 828 genum
772 739 944 826 quod
990 761 1031 805 a
1072 738 1221 824 FQ,
1266 739 1351 804 ad
1394 742 1815 824 tetragonum
1859 740 2034 825 quod
2081 762 2122 805 a
2165 739 2349 805 BD.
2431 745 2516 804 est

368 931 377 940 ,
477 849 653 914 enim
679 845 819 913 BG
857 867 1177 931 excessus,
1224 867 1353 931 quo
1397 846 1536 911 axis
1572 845 1896 931 portionis
1932 849 2034 912 est
2067 847 2292 912 maior
2333 869 2515 934 quam

474 953 843 1020 hemiolius
874 954 1031 1038 eius,
1076 942 1244 1038 'quw
1288 973 1496 1039 usque
1540 952 1622 1018 ad
1667 973 1856 1018 axem
1903 953 1992 1036 [u.
2029 975 2091 1037 p.
2129 952 2296 1039 392,
2341 955 2424 1019 19
2463 959 2516 1018 et

474 1064 617 1126 not.
647 1063 733 1142 1].
796 1059 1017 1125 minor
1052 1062 1157 1126 est
1188 1059 1259 1124 in
1292 1062 1387 1141 †.‘
1421 1059 1656 1125 maiori
1693 1080 1851 1146 ergo
1887 1063 2322 1145 tetragonum
2361 1060 2516 1146 quod

476 1187 517 1230 a
574 1164 724 1232 BD
784 1165 1035 1232 excedit
1092 1165 1187 1251 id,
1245 1166 1423 1252 quod
1483 1167 1565 1232 ab
1623 1165 1780 1251 FQ,
1844 1187 2039 1252 quam
2095 1170 2516 1254 tetragonum

372 1297 440 1346 10
478 1272 650 1357 quod
707 1294 748 1337 a
790 1270 938 1337 BD
992 1271 1263 1339 excedat
1301 1275 1725 1359 tetragonum
1776 1272 1950 1358 quod
1995 1295 2036 1338 a
2079 1272 2150 1338 Β
2159 1271 2227 1339 0.
2331 1295 2517 1360 quare

250 1393 257 1400 ·
479 1401 645 1464 quae
681 1377 814 1460 FQ
860 1383 963 1445 θεὴ
1006 1380 1221 1446 minor
1264 1401 1462 1464 quam
1496 1378 1568 1443 B
1576 1377 1644 1445 C'.
1717 1399 1876 1464 ergo
1917 1384 1986 1446 et
2020 1401 2186 1466 quae
2220 1381 2306 1446 F
2335 1403 2516 1466 quam

475 1486 546 1554 B
553 1485 690 1575 R.¹)
784 1487 873 1552 sit
926 1488 1129 1574 igitur
1183 1487 1314 1572 ipsi
1357 1486 1433 1552 F
1468 1486 1762 1571 aequalis
1808 1507 1974 1572 quae
2017 1483 2172 1572 ΒΞ,
2227 1491 2310 1552 θὴ
2367 1507 2516 1573 quae

476 1591 609 1660 ΞΕ
658 1597 838 1660 recta
891 1594 1167 1660 ducatur
1212 1615 1411 1678 super
1444 1592 1595 1658 BD
1628 1596 1867 1677 potens
1903 1591 2337 1658 medietatem
2377 1595 2515 1675 eius,

2577 573 2590 724 1

2587 1577 2589 1668 ἱ

479 1702 653 1786 quod
721 1702 1089 1767 continetur
1158 1700 1279 1767 sub
1345 1699 1519 1784 KR,
1573 1696 1720 1766 ΞΒ.
1813 1699 1986 1785 dice,
2057 1699 2230 1785 quod
2304 1699 2512 1784 portio
2588 1691 2589 1768 ἦ

372 1829 439 1880 15
478 1807 764 1873 demissa
818 1808 887 1872 in
941 1806 1281 1872 humidum
1335 1806 1458 1891 ita,
1512 1810 1588 1872 ut
1643 1807 1822 1873 basis
1870 1806 2078 1892 ipsius
2121 1809 2275 1871 tota.
2327 1808 2418 1872 sit
2457 1807 2513 1869 in

476 1913 777 1999 humide,
842 1912 1163 1980 consistat
1219 1913 1344 1997 ita,
1407 1917 1484 1978 ut
1538 1913 1678 1979 axis
1723 1913 1930 1998 ipsius
1977 1911 2059 1977 ad
2105 1912 2511 1998 superficiem

475 2019 731 2086 humidi
776 2019 980 2086 faciat
1024 2019 1337 2104 anguium
1385 2019 1725 2104 aequalem
1772 2018 2014 2105 angulo
2062 2017 2147 2083 B.

610 2127 995 2192 demittatur
1058 2125 1317 2211 quidem
1386 2125 1559 2190 enim
1618 2125 1834 2210 portio
1891 2125 1962 2189 in
2015 2123 2398 2210 humidum,
2455 2127 2517 2188 ut

476 2234 725 2299 dictum
772 2238 905 2318 est,
956 2237 1023 2299 et
1066 2255 1199 2299 non
1244 2233 1450 2298 faciat
1495 2233 1634 2298 axis
1683 2232 1765 2297 ad
1811 2231 2218 2316 superficiem
2265 2230 2518 2296 humidi

370 2350 443 2400 20
480 2339 795 2425 angulum
842 2339 1181 2424 aequalem
1225 2339 1311 2424 B,
1359 2339 1474 2405 sed
1519 2339 1835 2404 maiorem
1879 2337 2111 2424 primo.
2179 2341 2375 2403 secta
2421 2359 2516 2402 au·

475 2451 610 2512 tem
656 2446 805 2532 ipsa
848 2446 1049 2531 plano
1095 2449 1273 2511 recto
1322 2446 1406 2511 ad
1451 2445 1860 2530 superficiem
1903 2443 2152 2510 humidi
2189 2443 2518 2530 portionis

480 2554 683 2620 sectio
743 2554 833 2618 sit
890 2573 1055 2638 quae
1109 2550 1382 2619 APOL
1439 2551 1805 2637 rect-anguli
1861 2550 2012 2616 coni
2071 2549 2275 2616 sectio
2349 2547 2516 2633 [περὶ

477 2682 637 2725 κων.
670 2660 801 2744 11],
839 2659 1201 2745 superficiei
1239 2661 1459 2725 autem
1494 2658 1749 2724 humidi
1778 2680 1944 2743 quae
1971 2655 2088 2743 01,
2125 2657 2264 2722 axis
2297 2663 2516 2724 autem

478 2766 798 2851 portionis
863 2770 930 2832 et
984 2766 1298 2831 diameter
1353 2765 1664 2831 sectionis
1721 2765 1811 2832 sit
1865 2786 2028 2850 quae
2083 2762 2214 2830 No
2220 2814 2240 2848 ,
2312 2769 2386 2830 θὴ
2441 2764 2518 2828 sit

370 2882 443 2933 25
481 2875 661 2938 secta
700 2871 1054 2938 secundum
1079 2875 1165 2956 a,
1196 2870 1261 2936 T
1286 2874 1366 2936 ut
1392 2875 1460 2936 et
1485 2873 1664 2956 prius
1696 2873 1784 2953 [u.
1802 2869 2517 2956 prop.8p.394‚l——2].

480 2979 756 3043 ducatur
820 2982 1037 3044 autem
1091 2999 1258 3064 quae
1314 2979 1577 3063 quidem
1632 2977 1700 3044 Y
1696 2975 1763 3043 P
1811 2976 2338 3063 aequedistanter
2395 2975 2518 3062 ipsi

628 3118 681 3184 1)
717 3116 865 3171 Nam
900 3133 969 3172 ex
1003 3117 1314 3188 hypothesi
1353 3121 1440 3173 est
1474 3117 1536 3171 F
1559 3141 1628 3163 ε-
1655 3115 1821 3188 ξΡρ
1858 3119 1915 3174 et
1949 3115 2072 3172 BR
2101 3141 2170 3163 ===
2195 3115 2377 3189 3130.

626 3250 675 3299 1.
714 3241 936 3298 excedit
1016 3241 1296 3311 „excidit“
1345 3240 1628 3297 Tar-talea.
1809 3247 1860 3296 3.
1910 3241 2216 3311 „minorem
2271 3239 2520 3296 habere“

479 3331 657 3384 usque
704 3314 779 3369 ad
829 3330 895 3383 „e
986 3312 1136 3368 enim
1170 3313 1287 3368 Bo
1330 3315 1617 3368 excessus“
1654 3312 1754 3369 lin.
1792 3317 1826 3368 6
1863 3311 2040 3384 (incl.)
2077 3329 2188 3367 om.
2223 3311 2514 3376 Tar-talem

480 3386 743 3456 suppleui
782 3402 851 3441 ex
887 3384 1125 3452 Comm.3
1170 3383 1269 3439 cfr.
1306 3401 1363 3466 p.
1401 3389 1528 3453 392,
1567 3389 1634 3440 17
1668 3401 1774 3452 sq..
1915 3389 1966 3440 8.
2011 3382 2196 3438 minor
2227 3383 2315 3438 est
2347 3382 2437 3453 in]
2467 3388 2516 3446 ἲς

483 3472 592 3510 om.
632 3456 846 3512 Comm.
1019 3462 1103 3510 10.
1141 3454 1400 3510 excedit?
1584 3460 1666 3508 14.
1713 3454 1845 3527 ΞΒ]
1893 3456 1988 3525 ,,θὴ
2030 3455 2300 3524 iungatur
2343 3452 2512 3506 BE⁴⁴

481 3524 645 3582 addit
677 3526 899 3582 Nimius
945 3525 1152 3581 collato
1187 3541 1243 3594 p.
1283 3531 1410 3594 393,
1447 3530 1498 3580 2.

2587 1769 2589 1923 Ψ
