2659 3967
426 185 559 248 212
938 188 1326 240 ΕΠΙΠΕΔῼΝ
1361 186 1816 239 ῙΣοΡΡοΠῙῼΝ
1851 181 1940 240 Β’.

559 333 725 395 ἔστω
774 326 899 396 δύο
946 327 1283 415 τμάματα,
1342 321 1452 396 οἷα
1499 327 1786 415 εἰρήται,
1840 324 1920 393 τὰ
1969 333 2187 412 ΑΒΓ,
2237 334 2464 413 ΕΖΗ,

425 425 526 502 ὦν
583 435 923 522 διαμέτροι
981 438 1055 502 αἱ
1097 443 1262 520 ΒΔ,
1312 442 1450 502 ΖΘ.
1539 433 1653 500 καὶ
1708 439 1875 501 ἔστω
1922 437 2045 501 τοῦ
2092 434 2214 520 μὲν
2263 439 2474 500 ΑΒΓ

422 543 759 627 τμάματος
810 543 1091 630 κέντρον
1146 546 1269 609 τοῦ
1324 540 1568 630 βάρεος
1612 538 1688 607 τὸ
1741 546 1810 607 Κ
1853 554 2159 627 σαμεῖον,
2214 543 2339 607 τοῦ
2387 539 2468 607 δὲ

423 654 643 715 ΕΖΗ
680 644 754 715 τὸ
804 654 884 714 Λ.
978 649 1295 734 δεικτέον,
1344 645 1447 715 ὅτι
1495 651 1589 727 εἰς
1633 645 1756 714 τὸν
1802 643 2012 714 αὐτὸν
2057 645 2466 732 λόγοντέμ-

355 768 387 816 5
423 780 614 822 νοντι
658 752 778 834 τὰς
824 754 1220 842 διαμέτρους
1261 752 1345 821 τὰ
1392 760 1479 839 Κ,
1527 760 1607 821 Λ.
2279 839 2286 846 ¹

556 865 620 928 εἰ
674 859 803 949 γὰρ
865 859 1215 946 μή,.ἔστω
1279 856 1369 939 ὡς
1425 857 1466 926 ἁ
1515 866 1669 947 ΚΒ,
1705 860 1858 927 ποτὶ
1914 865 2088 943 ΚΔ,
2147 855 2362 937 οὕτως
2416 857 2461 925 ά

425 973 579 1034 ΖΜ
621 965 775 1034 ποτὶ
821 973 1000 1051 ΘΜ,
1055 966 1167 1033 καὶ
1224 964 1668 1053 ἐγγεγράφθω
1721 971 1818 1045 εἰς
1859 963 1937 1033 τὸ
1985 971 2197 1032 ΕΖΗ
2232 969 2464 1052 τμᾶμα

422 1067 910 1160 εὐθύγραμμον
946 1078 1321 1161 γνωρίμως,
1369 1070 1539 1140 ὥστε
1574 1071 1698 1140 τὰν
1736 1070 1981 1159 μεταξὺ
2017 1075 2139 1139 τοῦ
2175 1071 2466 1158 κέντρου

856 1224 919 1276 Ζ
1648 1182 1773 1246 τοῦ
1811 1177 2150 1264 τμάματος
2185 1177 2297 1244 καὶ
2334 1181 2463 1244 τοῦ

319 1299 385 1347 10
665 1288 852 1403 f
897 1290 1156 1403 N
1650 1285 2162 1374 ἐγγραφομένου
2256 1281 2464 1352 εὐθυ-

1157 1404 1192 1431 *
1650 1390 1961 1480 γράμμου
1998 1390 2333 1458 ἐλάσσονα
2371 1388 2464 1458 εἴ·

1649 1524 1772 1585 μεν
1808 1502 1927 1578 τᾶς
1946 1504 2105 1566 ΛΜ
2151 1496 2263 1564 καὶ
2289 1501 2459 1564 ἔστω

224 1615 235 1624 ‘
1647 1608 1770 1672 τοῦ
1791 1605 2238 1692 ἐγγραφέντος
2249 1601 2461 1672 εὐθυ-

519 1772 520 1775 ,
1647 1709 1960 1798 γράμμου
2004 1710 2286 1797 κέντρον
2330 1714 2460 1777 τοῦ

317 1830 381 1878 15
428 1807 517 1868 Ε
857 1831 940 1887 B
1000 1812 1057 1868 θ
1519 1801 1612 1861 Π
1649 1815 1891 1905 βάρεος
1932 1814 2012 1884 τὸ
2055 1819 2116 1893 Ξ
2157 1829 2460 1912 σαμεῖον.

769 1910 892 2001 f
917 1905 1140 2005 Χ
1649 1924 2090 2012 ἐγγεγράφθω
2135 1921 2211 1990 δὲ
2247 1927 2344 2002 εἰς
2379 1920 2460 1990 τὸ

731 2044 736 2055 “
1649 2035 1856 2097 ΑΒΓ
1883 2033 2108 2116 τμᾶμα
2135 2033 2226 2120 τῷ
2258 2031 2332 2096 ἐν
2359 2033 2457 2120 τῷ

642 1910 1413 2312 ἈΔἋ
1651 2143 1877 2203 ΕΖΗ
1943 2136 2456 2225 ἐγγεγραμμένῳ

515 2285 603 2351 A
637 2256 640 2261 '
1406 2274 1524 2348 Γ

1649 2240 2108 2332 εὐθυγράμμῳ
2211 2237 2456 2326 ὁμοῖον

313 2362 383 2411 20
984 2323 1070 2382 Λ
1650 2345 2172 2436 εὐθύγραμμον,
2264 2372 2456 2414 τουτ-

419 2455 602 2522 έστιν
632 2451 879 2540 ὁμοίως
904 2460 1279 2542 γνωρίμως,
1310 2446 1395 2524 οὗ
1421 2456 1700 2543 κέντρον
1718 2458 1842 2521 τοῦ
1858 2453 2104 2541 βάρεος
2122 2457 2241 2532 τᾶς
2257 2478 2460 2540 κορυ-

418 2565 552 2646 φᾶς
607 2560 963 2650 ἐγγύτερον
1020 2560 1186 2650 ἥπερ
1242 2561 1319 2631 τὸ
1379 2566 1504 2630 τοῦ
1555 2561 1915 2648 τμάματος·
1999 2557 2162 2647 ὅπερ
2207 2556 2458 2627 άδύνα-

416 2691 554 2734 τον.
620 2672 830 2753 δῆλον
877 2659 1027 2753 οὖν,
1075 2665 1178 2735 ὅτι
1222 2695 1345 2736 τον
1393 2665 1602 2736 αὐτὸν
1640 2668 1847 2755 λόγον
1885 2672 2018 2754 ἔχει
2055 2663 2097 2732 ἆ
2129 2671 2267 2732 ΒΚ
2299 2665 2456 2733 ποτὶ

419 2780 584 2860 ΚΔ,
634 2771 715 2842 ὃν
763 2771 805 2841 ἆ
854 2780 983 2841 ΖΛ
1028 2775 1181 2842 ποτὶ
1229 2781 1376 2842 ΛΘ.

312 2981 381 3031 25
1389 2967 1480 3053 η’.

552 3088 823 3170 Παντὸς
866 3091 1203 3177 τμάματος
1243 3093 1721 3180 περιεχομένου
1756 3089 1887 3159 ὑπὸ
1928 3089 2199 3170 εὐθείας
2233 3114 2302 3156 τε
2339 3091 2453 3156 καὶ

418 3193 852 3286 ὀρθογωνίου
895 3196 1121 3265 κώνου
1164 3202 1371 3284 τομάς
1414 3195 1492 3264 τὸ
1530 3199 1811 3287 κέντρον
1848 3203 1971 3266 τοῦ
2008 3196 2250 3286 βάρεος
2286 3201 2453 3265 διαι-

562 3399 613 3447 4.
653 3391 724 3462 Λ]
769 3398 820 3445 A
857 3392 916 3447 F.
1064 3389 1350 3464 τέμνοντι]
1390 3393 1614 3463 scripsi3
1653 3413 1927 3462 τεμνωντι
1962 3395 2023 3463 F,
2061 3394 2251 3464 uulgo,
2397 3400 2448 3448 6.

417 3482 563 3533 προς
600 3479 700 3532 per
738 3479 919 3533 comp.
956 3463 1027 3532 Ἐς
1066 3479 1204 3519 corr.
1244 3463 1518 3519 Torellius
1571 3467 1638 3520 ut
1672 3465 1771 3520 lin.
1811 3472 1861 3532 7,
1902 3472 1986 3533 23,
2025 3471 2109 3520 24.
2256 3469 2304 3518 8.
2344 3483 2450 3533 την

417 3549 519 3602 per
545 3549 724 3604 comp.
758 3533 830 3602 F3
868 3550 1006 3590 corr.
1038 3535 1332 3590 Torellim.
1447 3540 1530 3590 18.
1570 3532 2002 3610 ἐγγεγραμμένῳ
2033 3531 2444 3609 εὐθυγράμμῳ]

2629 231 2632 370 1
