2659 3967
522 876 618 945 De
654 875 769 962 iis,
811 825 981 964 quae
1016 877 1093 945 in
1129 823 1406 946 humide
1442 870 1864 969 uehuntur.¹)

1047 1039 1253 1094 Liber
1296 1037 1351 1095 I.

452 1245 459 1250 ·
814 1152 1272 1238 Suppositio
1319 1154 1586 1238 prima.

312 1275 731 1362 Supponatur
795 1276 1135 1344 humidum
1190 1277 1442 1345 habens
1497 1278 1700 1358 talem
1753 1281 2084 1362 naturam,
2138 1280 2214 1342 ut

172 1383 475 1467 partibus
538 1382 744 1467 ipsius
810 1405 889 1448 ex
954 1405 1159 1468 aequo
1224 1383 1586 1450 iacentibus
1651 1386 1719 1448 et
1777 1361 2206 1450 existentibus
2251 1399 2284 1447 5

178 1490 509 1555 continuis
575 1490 936 1574 expellatur
994 1490 1209 1554 minus
1263 1489 1458 1574 pulsa
1513 1511 1554 1554 a
1606 1489 1817 1576 magis
1871 1490 2087 1575 pulsa3
2153 1493 2220 1555 et

173 1617 601 1682 unaquaeque
676 1601 894 1662 autem
964 1595 1252 1680 partium
1326 1595 1532 1679 ipsius
1596 1595 1864 1682 pellitur
1926 1595 2220 1681 humido,

174 1701 352 1786 quod
390 1724 585 1786 supra
618 1702 825 1786 ipsius
861 1701 1179 1768 existente
1208 1700 1561 1767 secundum
1585 1702 2208 1789 perpendicularem,

174 1808 235 1873 si
279 1807 619 1874 humidum
666 1808 751 1872 sit
788 1808 1182 1874 descendens
1220 1808 1291 1873 in
1328 1808 1551 1892 aliquo
1592 1812 1658 1874 et
1695 1808 1777 1873 ab
1817 1809 1950 1875 alio
1989 1810 2212 1894 aliquo

176 1937 491 1999 pressum.
2259 1929 2328 1978 10

356 2108 785 2175 Theorema
826 2109 1170 2192 primum.
1260 2109 1712 2194 Propositio
1758 2111 2036 2194 prima.

314 2231 386 2300 Si
442 2233 813 2322 superficies
872 2233 1092 2317 aliqua
1145 2233 1338 2318 plane
1385 2238 1564 2300 secta
1609 2256 1725 2318 per
1773 2235 2038 2321 aliquod
2085 2235 2215 2322 sig·

178 2363 335 2407 num
381 2363 636 2423 semper
682 2340 855 2406 idem
904 2341 1167 2427 signum
1214 2341 1568 2407 sectionem
1601 2341 1950 2411 facientem
1987 2342 2218 2410 circuli

322 2515 555 2570 Librum
591 2515 619 2568 I
654 2514 867 2585 primus
906 2513 1085 2570 edidit
1122 2515 1191 2570 N.
1221 2515 1490 2571 Tartalea
1515 2515 1766 2572 Uenetiis
1800 2521 1954 2570 1543.
2009 2515 2212 2570 deinde

178 2603 249 2640 ex
287 2587 508 2641 schedis
546 2585 666 2641 eius
704 2589 764 2640 et
798 2586 1043 2655 primum
1080 2589 1141 2640 et
1165 2586 1473 2641 secundum
1498 2586 1708 2642 librum
1735 2587 1916 2641 edidit
1939 2586 2215 2642 Troianus

180 2655 406 2710 Curtius
425 2657 678 2710 Uenetiis
702 2662 855 2712 1565.
893 2658 1039 2712 hanc
1065 2657 1591 2726 interpretationem
1621 2657 1947 2712 emendauit
1974 2656 2033 2710 F.
2057 2657 2220 2712 Com-

180 2725 479 2780 mandinus
539 2727 848 2795 (Bononiae
906 2731 1092 2796 1565),
1157 2743 1325 2796 quem
1381 2725 1633 2795 sequitur
1687 2726 1962 2782 Torellius
2018 2727 2219 2796 (praef.

178 2815 233 2866 p.
274 2795 499 2864 XVIII).
575 2813 702 2852 cum
738 2798 1005 2852 Tartalea
1044 2797 1195 2852 solus
1232 2797 1508 2852 Graecum
1545 2797 1797 2852 codicem
1833 2797 2094 2852 habuisse
2131 2798 2218 2852 ui-

179 2867 380 2922 deatur
416 2865 663 2934 (Quaest.
693 2869 860 2922 Arch.
898 2886 952 2937 p.
986 2873 1115 2933 1013
1154 2867 1253 2922 cfr.
1280 2885 1336 2936 p.
1369 2873 1463 2934 133
1493 2869 1603 2937 23),
1641 2885 1769 2923 eum
1807 2869 2033 2922 secutus
2071 2865 2212 2937 sum,

180 2940 262 2993 ita
296 2938 361 2992 ut
398 2936 616 2992 soloece
654 2941 715 2993 et
748 2939 984 2993 barbare
1021 2937 1177 2992 dicta
1210 2938 1426 2992 intacta
1461 2938 1852 3009 relinquerem,
1891 2941 1949 2994 et
1986 2955 2054 2994 ea
2089 2941 2214 2994 tan-

178 3011 327 3078 tum,
379 3024 523 3078 quae
576 3008 635 3062 in
688 3007 1105 3064 mathematicis
1150 3025 1416 3078 peruersa
1463 3010 1648 3080 erant,
1697 3008 2038 3080 corrigerem
2084 3027 2214 3066 cum

324 3173 375 3238 1)
416 3168 534 3237 „De
562 3167 933 3224 insidentibus
961 3171 1177 3238 aquae“
1206 3167 1490 3224 Tartalea.
1539 3168 1658 3238 „De
1687 3168 1775 3238 iis,
1805 3187 1949 3239 quae
1977 3170 2036 3224 in
2057 3186 2208 3240 aqua

177 3239 492 3294 uehuntur“
535 3237 994 3308 Commandinus;
1033 3241 1256 3296 secutus
1296 3257 1420 3296 sum
1455 3238 1764 3296 Torellium
1798 3259 1855 3310 p.
1893 3241 2098 3297 XVIII.

324 3405 374 3454 8.
413 3417 619 3470 „supra
653 3400 836 3470 ipsam
872 3399 1181 3455 existente“
1221 3398 1432 3456 Comm.
1577 3406 1626 3454 9.
1667 3401 1750 3472 et]
1790 3402 1958 3468 „aut“
1991 3383 2203 3460 Comm.

186 3475 267 3524 12.
305 3471 544 3539 „plano“
582 3471 793 3527 Comm.
906 3487 1041 3540 „per
1066 3471 1219 3525 idem
1246 3487 1466 3541 semper
1490 3473 1779 3540 punctum,
1817 3471 2001 3539 sitque
2029 3471 2204 3528 sectio

181 3540 375 3596 circuli
411 3541 897 3599 circumferentia“
940 3540 1154 3599 Comm.
