2659 3967
389 186 480 249 44
1148 191 1324 241 IIEPI
1359 158 1657 242 ΕΜΚΩΝ.

389 333 516 395 ΓΔ
559 332 676 409 τᾶς
723 337 879 416 ΕΖ,
935 328 980 399 ἆ
1027 329 1103 399 δὲ
1151 336 1276 398 ΕΖ
1327 333 1449 410 τᾶς
1492 335 1658 416 ΗΘ,
1714 330 1757 401 ἆ
1812 331 1890 401 δὲ
1935 339 2072 400 ΗΘ
2122 337 2241 414 τᾶς
2285 340 2427 421 ΙΚ,

390 430 433 500 ἆ
488 433 565 503 δὲ
609 442 730 504 IK
779 439 900 516 τᾶς
945 442 1128 523 ΛΜ,
1182 435 1226 505 ἆ
1283 436 1361 505 δὲ
1405 443 1568 504 ΛΜ
1610 441 1730 518 τᾶς
1779 440 1931 516 ΝΞ.
2020 443 2429 509 ποτικείσθω

389 540 467 609 δὲ
509 542 663 610 ποτὶ
707 542 831 629 μὲν
875 541 1001 611 τὰν
1038 547 1164 610 ΓΔ
1208 551 1322 611 ἴσα
1368 546 1487 635 μιᾷ
1532 539 1829 635 ὖπεροχᾷ
1866 542 1911 611 ἆ
1947 549 2103 632 ΓΟ,
2149 546 2305 614 ποτὶ
2349 544 2431 615 δὲ

385 645 514 715 τὰν
551 654 676 716 ΕΖ
723 656 839 717 ἴσα
874 649 1074 717 δυσὶν
1109 645 1473 738 ὑπεροχαῖς
1514 646 1557 717 ἆ
1599 656 1767 736 ΕΠ,
1814 650 1967 718 ποτὶ
2014 650 2091 719 δὲ
2124 649 2249 720 τὰν
2289 657 2370 719 H
2368 658 2432 719 Θ

317 774 350 821 5
389 762 503 822 ἴσα
547 756 768 844 τρισὶν
813 752 1174 845 ὑπεροχαῖς
1217 753 1262 822 ἁ
1309 760 1471 842 ΗΡ,
1524 756 1638 824 καὶ
1685 756 1837 825 ποτὶ
1891 755 2010 837 τὰς
2054 755 2261 837 ἄλλας
2304 756 2431 826 τὸν

387 858 597 929 αὐτὸν
649 861 924 951 τρόπον.
1013 861 1371 930 ἑσσοῦνται
1427 860 1513 949 δὴ
1569 864 1645 928 αἰ
1694 861 2050 949 γενομέναι
2104 860 2431 945 vinciacus·

387 974 556 1052 ἴσαι,
609 968 722 1035 καὶ
777 966 1022 1037 ἕκαστα
1078 971 1162 1054 τᾷ
1216 973 1509 1059 μεγίστᾳ.
1611 968 1907 1037 δεικτέον
1962 958 2123 1053 οὖν,
2184 965 2287 1037 ὅτι
2340 962 2429 1037 τὰ

385 1069 516 1141 ἀπὸ
563 1076 788 1141 πασᾶν
831 1076 958 1142 τᾶν
1002 1073 1376 1161 γενομέναν
1412 1072 1796 1162 τετράγωνα
1838 1072 1993 1141 ποτὶ
2037 1072 2163 1159 μὲν
2206 1076 2430 1143 πάντα

382 1176 465 1245 τὰ
525 1178 907 1268 τετράγωνα
964 1177 1046 1247 τὰ
1107 1177 1238 1248 ἀπὸ
1299 1184 1526 1249 πασᾶν
1588 1183 1717 1247 τᾶν
1778 1182 1871 1273 τῷ
1938 1186 2061 1270 ἴσῳ
2122 1176 2429 1250 ἆλλάλαν

281 1302 349 1352 10
383 1282 845 1373 ὑπερεχουσᾶν
888 1286 1093 1375 χωρὶς
1126 1290 1249 1355 τοῦ
1287 1283 1422 1355 ἀπὸ
1460 1290 1579 1366 τᾶς
1605 1292 1684 1353 Ν
1684 1289 1747 1364 Ξ
1774 1285 2201 1375 τετραγώνου
2236 1286 2426 1357 ἐλάσ-

384 1410 554 1460 σονα
598 1392 807 1479 λόγον
853 1396 985 1480 ἔχει
1061 1387 1106 1479 ἢ
1151 1391 1228 1460 τὸ
1276 1388 1411 1460 ἀπὸ
1459 1396 1580 1471 τοῖς
1624 1401 1690 1459 Α
1699 1399 1756 1460 Β
1800 1390 2224 1479 τετράγωνον
2269 1394 2424 1461 ποτὶ

382 1494 458 1565 τὸ
505 1505 658 1566 ἴσον
705 1496 930 1585 ἆμφοτ
963 1523 1110 1587 ροις
1151 1501 1247 1591 τῷ
1300 1522 1374 1565 τε
1417 1496 1865 1590 περιεχομένῳ
1915 1494 2049 1565 ὑπὸ
2092 1500 2221 1564 τᾶν
2265 1505 2424 1585 ΑΒ,

382 1609 461 1670 Ν
462 1605 523 1679 Ξ
569 1602 684 1671 καὶ
738 1607 831 1697 τῷ
885 1608 1084 1695 τρίτῳ
1138 1605 1324 1693 μέρει
1378 1607 1503 1673 τοῦ
1558 1599 1691 1672 ἀπὸ
1745 1606 1866 1683 τᾶς
1908 1608 1989 1670 Ν
1993 1610 2053 1669 Τ
2099 1604 2425 1692 τετραγώ-

381 1734 541 1797 νου,
595 1710 749 1777 ποτὶ
794 1709 872 1779 δὲ
915 1708 998 1779 τὰ
1042 1708 1431 1798 τετράγωνα
1472 1707 1553 1777 τὰ
1602 1705 1733 1777 ἀπὸ
1781 1712 1909 1777 τᾶν
1954 1706 2171 1777 αὐτᾶν
2220 1710 2427 1797 χωρὶς

275 1832 344 1881 15
379 1819 504 1884 τοῦ
549 1815 681 1885 ἀπὸ
728 1820 847 1898 τᾶς
891 1825 956 1885 Α
965 1824 1024 1885 Β
1069 1814 1495 1904 τετραγώνου
1539 1820 1809 1902 μείζονα
1854 1814 2065 1901 λόγον
2122 1820 2255 1903 ἔχει
2298 1820 2428 1885 τοῦ

382 1918 596 1991 αὐτοῦ
640 1922 870 2010 λόγου.

515 2026 972 2115 ἀπολελείφθω
1037 2024 1157 2114 ἀφ’
1229 2026 1509 2109 ἑκάστας
1568 2031 1695 2095 τᾶν
1766 2033 1859 2121 τῷ
1928 2036 2051 2122 ἴσῳ
2120 2026 2425 2099 ἄλλάλαν

378 2131 840 2221 ὑπερεχουσᾶν
895 2143 1010 2203 ἴσα
1061 2138 1144 2224 τᾷ
1197 2130 1513 2223 ὑπεροχᾷ.
1604 2130 1687 2203 ὃν
1745 2133 1829 2221 δὴ
1886 2134 2097 2222 λόγον
2152 2140 2284 2224 ἔχει
2342 2134 2425 2204 τὸ

379 2236 512 2307 ἀπὸ
557 2242 676 2319 τᾶς
720 2247 854 2309 ΑΒ
906 2240 1060 2308 ποτὶ
1115 2238 1595 2328 συναμφότερα
1646 2239 1723 2309 τό
1778 2265 1851 2309 τε
1906 2238 2039 2311 ὑπὸ
2092 2244 2217 2310 τᾶν
2264 2251 2329 2311 Α
2337 2249 2425 2329 Β,

270 2362 341 2411 20
386 2351 517 2413 ΦΒ
571 2346 1049 2434 περιεχόμενον
1101 2347 1214 2415 καὶ
1268 2344 1346 2414 τὸ
1403 2351 1630 2435 τρίτον
1684 2347 1885 2436 μέρος
1936 2351 2060 2415 τοῦ
2115 2346 2247 2417 ἀπὸ
2301 2352 2424 2429 τᾶς

376 2458 522 2519 ΛΦ
555 2452 1002 2541 τετραγώνου,
1046 2454 1291 2520 τοῦτον
1329 2456 1462 2540 ἔχει
1497 2450 1620 2521 τὸν
1656 2450 1865 2539 λόγον
1900 2452 1978 2521 τό
2014 2478 2087 2521 τε
2131 2452 2263 2523 ἀπὸ
2303 2458 2425 2535 τᾶς

381 2563 516 2625 ΟΛ
576 2556 1003 2645 τετράγωνον
1061 2563 1221 2630 novt
1277 2582 1349 2625 τε
1411 2555 1491 2627 τὸ
1554 2556 2031 2647 περιεχόμενον
2094 2556 2227 2629 ὑπὸ
2290 2564 2423 2629 τᾶν

381 2670 546 2751 ΟΔ,
585 2670 654 2733 Δ
665 2671 734 2733 Χ
767 2663 883 2732 καὶ
918 2662 996 2733 τὸ
1041 2669 1270 2753 τρίτον
1307 2663 1511 2751 μέρος
1544 2667 1667 2733 τοῦ
1715 2662 1847 2733 ἀπὸ
1884 2668 2006 2745 τᾶς
2033 2671 2167 2733 XO
2200 2692 2421 2755 τετρα·

374 2771 635 2860 γώνου,
687 2771 801 2840 καὶ
855 2768 933 2840 τὸ
985 2770 1412 2859 τετράγωνον
1465 2767 1543 2839 τὸ
1599 2766 1733 2839 ἀπὸ
1785 2774 1905 2851 τᾶς
1950 2778 2087 2839 ΠΖ
2130 2770 2284 2840 ποτὶ
2337 2770 2421 2841 τὸ

267 2890 338 2941 25
375 2877 852 2967 περιεχόμενον
895 2874 1030 2946 ὑπὸ
1078 2879 1206 2945 τᾶν
1251 2883 1419 2961 ΠΖ,
1464 2882 1603 2943 ΨΖ
1646 2876 1759 2945 καὶ
1812 2874 1887 2947 τὸ
1946 2884 2173 2967 τρίτον
2216 2878 2422 2967 μέρος

372 2988 496 3051 τοῦ
543 2982 675 3052 ἀπὸ
714 2988 833 3064 τᾶς
875 2990 1033 3051 ΨΠ
1060 2981 1518 3071 τετραγώνου,
1561 2982 1677 3049 καὶ
1722 2978 1803 3051 τὰ
1852 2979 1983 3052 ἀπὸ
2026 2987 2154 3051 τᾶν
2200 2981 2419 3053 ἀλλᾶν

371 3086 758 3177 τετράγωνα
810 3088 962 3160 ποτὶ
1013 3086 1097 3156 τὰ
1154 3085 1405 3175 ὁμοίως
1458 3088 1938 3176 λαμβανόμενα
1994 3094 2225 3179 χωρία.
2302 3090 2419 3159 καὶ

371 3193 452 3263 τὰ
500 3193 718 3262 πάντα
765 3192 849 3281 δὴ
896 3192 977 3261 τὰ
1025 3191 1156 3261 ἀπὸ
1204 3197 1432 3262 πασᾶν
1476 3198 1603 3263 τᾶν
1654 3200 1813 3283 ΟΔ,
1853 3202 2020 3282 ΠΖ,
2061 3200 2213 3282 ΡΘ,
2249 3203 2419 3284 ΣΚ,

379 3308 554 3388 ΤΜ,
604 3302 729 3377 ΤΞ
775 3305 936 3368 ποτί
982 3324 1053 3368 τε
1105 3297 1325 3368 πάντα
1378 3298 1460 3368 τὰ
1508 3300 1948 3389 περιεχόμενα
1991 3298 2125 3370 ὑπό
2181 3326 2254 3370 τε
2297 3304 2419 3383 τᾶς

512 3537 561 3585 3.
601 3528 693 3601 δέ]
731 3526 924 3599 Nizze3
963 3531 1035 3599 δη
1071 3529 1135 3600 F,
1173 3529 1363 3601 uulgo.
1486 3526 1617 3601 τᾶν]
1655 3550 1725 3585 τα
1762 3530 1835 3600 F;
1872 3546 2012 3586 corr.
2050 3530 2117 3587 Β.
2226 3536 2275 3585 6.
2316 3533 2412 3585 «2-
