2659 3967
412 178 542 243 236
920 181 1308 232 ΕΪΠΠΕΔΩΝ
1345 177 1797 232 ῙΣΟΡΡΟΠῙῼΝ
1831 177 1878 226 Β
1891 171 1927 229 ’.

412 324 926 413 συναμφοτέρου
979 327 1097 403 τᾶς
1142 329 1329 408 ΜΝ,
1378 328 1455 389 Ν
1468 329 1529 389 Τ
1575 321 1688 387 καὶ
1740 325 2151 388 δεκαπλασία
2197 337 2454 405 συναμ-

411 431 703 518 φοτέρου
758 434 875 510 τᾶς
921 433 1089 515 ΝΞ,
1136 437 1214 498 Ν
1220 436 1277 496 Ο
1320 429 1474 496 ποτὶ
1519 427 1644 497 τάν
1692 433 2052 496 διπλασίαν
2099 445 2452 514 συναμφο-

408 539 608 627 τέρου
655 541 775 618 τᾶς
820 543 1007 622 ΜΝ,
1055 543 1203 605 ΝΤ
1239 537 1352 604 καὶ
1396 540 1882 626 τετραπλασίαν
1929 535 2452 622 συναμφοτέρου

408 647 527 723 τᾶς
570 647 727 729 ΝΞ,
776 650 853 710 Ν
859 650 932 710 Ο.
1008 648 1293 712 ἐσσείται
1342 635 1490 726 οὖν,
1537 641 1628 723 ὥς
1673 649 1818 709 ΖΗ
1853 641 2007 709 ποτὶ
2053 647 2185 726 ΖΙ,
2231 637 2452 718 οὕτως

340 760 373 809 5
410 747 452 816 ἆ
500 757 953 818 πενταπλασία
1000 751 1518 841 συναμφοτέρου
1560 753 1678 829 τᾶς
1705 755 1883 833 ΜΝ,
1931 754 2078 814 ΝΤ
2105 746 2216 814 καὶ
2255 751 2450 814 δεκα»

408 862 655 924 πλασία
702 858 1216 946 συναμφοτέρου
1259 861 1378 937 τᾶς
1423 860 1581 942 ΞΝ,
1630 862 1706 923 Ν
1717 862 1774 922 Ο
1817 855 1970 923 ποτὶ
2015 852 2140 920 τὰν
2189 873 2448 938 συγκει-

409 964 619 1048 μέναν
668 967 739 1030 ἔκ
783 990 853 1031 τε
898 969 1018 1045 τοῖς
1060 968 1416 1044 διπλασίας
1459 967 1579 1043 τᾶς
1616 969 1782 1031 ΜΝ
1817 961 1930 1030 καὶ
1966 964 2446 1048 τετραπλασίας

407 1073 524 1148 τᾶς
571 1072 709 1146 ΝΞ
758 1070 869 1137 καὶ
928 1071 1323 1152 ἕξαπλασίας
1375 1074 1494 1151 τοῖς
1545 1076 1688 1137 ΟΝ
1733 1068 1846 1137 καὶ
1889 1073 2284 1157 τριπλασίας
2327 1069 2450 1144 τᾶς

408 1182 566 1243 ΝΤ.
659 1176 798 1244 ἐπεὶ
864 1168 991 1245 οὖν
1055 1178 1372 1266 τέσσαρες
1435 1174 1700 1245 εὐθείαι
1763 1177 1915 1263 ἑξῆς
1967 1172 2310 1259 ἀνάλογον
2372 1175 2450 1239 αἰ

302 1292 370 1341 10
408 1289 595 1368 ΜΝ,
642 1279 815 1369 ΝΞ,
867 1290 1033 1371 ΟΝ,
1081 1290 1251 1370 ΝΤ,
1306 1289 1428 1351 καί
1476 1285 1655 1351 ἐστιν
1711 1279 1800 1363 ὥς
1846 1282 1969 1368 μὲν
2015 1279 2057 1349 ἆ
2105 1287 2253 1348 ΝΤ
2289 1280 2447 1348 ποτὶ

414 1394 576 1474 ΤΜ,
626 1387 840 1469 οὕτως
884 1390 1261 1477 λελαμμένα
1304 1416 1406 1469 τις
1451 1386 1494 1454 ἆ
1534 1395 1640 1456 ΡΙ
1680 1389 1831 1457 ποτὶ
1876 1386 1957 1456 τὰ
1994 1394 2145 1476 τρία
2183 1389 2446 1473 πέμπτα

405 1498 524 1573 τᾶς
560 1502 715 1583 ΖΗ,
762 1498 1060 1564 τουτέστι
1104 1499 1223 1576 τᾶς
1259 1503 1349 1562 Μ
1353 1503 1430 1580 Ο,
1479 1493 1568 1576 ὡς
1615 1495 1690 1563 δὲ
1736 1492 1779 1562 ἃ
1826 1496 2224 1581 συγκειμένα
2267 1497 2337 1560 ἔκ
2375 1519 2448 1560 τε

404 1605 522 1681 τᾶς
567 1605 923 1682 διπλασίας
965 1606 1085 1683 τᾶς
1121 1609 1292 1670 ΝΜ
1323 1602 1438 1671 καὶ
1482 1607 1961 1691 τετραπλασίας
2004 1604 2121 1680 τᾶς
2158 1603 2300 1676 NE
2329 1600 2447 1667 καὶ

406 1709 804 1790 ἕξαπλασίας
847 1715 965 1791 τᾶς
1010 1717 1081 1778 Ν
1087 1717 1144 1777 Ο
1188 1710 1297 1778 καὶ
1345 1715 1738 1798 τριπλασίας
1782 1712 1898 1788 τᾶς
1935 1715 2082 1775 ΝΤ
2117 1707 2270 1775 ποτὶ
2314 1705 2444 1774 τὰν

301 1821 365 1872 15
405 1819 846 1904 συγκειμέναν
885 1822 956 1885 ἔκ
992 1844 1063 1886 τε
1098 1822 1216 1898 τᾶς
1252 1821 1742 1897 πενταπλασίας
1779 1815 2296 1904 συναμφοτέρου
2323 1817 2445 1893 τᾶς

404 1929 592 2009 ΜΝ,
650 1928 798 1989 ΝΤ
854 1922 967 1991 καὶ
1034 1929 1480 2004 δεκαπλασίας
1546 1925 2059 2012 συναμφοτέρου
2112 1925 2231 2000 τᾶς
2284 1923 2442 2006 ΞΝ,

404 2035 481 2096 Ν
488 2035 565 2115 0,
614 2027 827 2109 οὕτως
875 2029 1063 2118 ἑτέρα
1108 2056 1207 2109 τις
1252 2032 1629 2117 λελαμμένα
1675 2027 1718 2098 ἆ
1764 2036 1811 2097 Ι
1818 2037 1873 2097 Ζ
1917 2029 2070 2097 ποτὶ
2116 2028 2242 2097 τὰν
2281 2034 2440 2112 ΖΗ,

402 2136 742 2202 τουτέστιν
788 2136 940 2203 ποτὶ
988 2135 1113 2203 τὰν
1158 2143 1341 2222 ΜΟ,
1400 2140 1686 2206 ἐσσείται
1734 2136 1846 2205 διὰ
1893 2135 1969 2205 τὰ
2017 2135 2348 2225 πρότερον
2396 2127 2439 2200 ἆ

404 2246 520 2305 ΡΖ
582 2239 708 2308 δύο
770 2243 1027 2327 πέμπτα
1084 2246 1203 2322 τοῖς
1258 2249 1446 2329 ΜΝ,
1507 2244 1805 2311 τουτέστι
1858 2248 1975 2323 τᾶς
2035 2250 2174 2310 ΖΒ.
2266 2239 2435 2310 ὥστε

295 2356 365 2404 20
400 2346 680 2434 κέντρον
727 2346 973 2437 βάρεός
1010 2350 1147 2416 ἐστι
1184 2352 1307 2416 τοῦ
1340 2355 1544 2416 ΑΒΓ
1572 2349 1910 2437 τμοὲματος
1944 2347 2019 2417 τὸ
2051 2356 2110 2415 Ρ
2139 2361 2442 2434 σαμεῖον.

402 2457 568 2520 ἔστω
627 2452 711 2540 δὴ
769 2452 880 2520 καὶ
934 2457 1057 2522 τοῦ
1106 2455 1317 2522 ΔΒΕ
1366 2455 1703 2543 τμᾶματος
1746 2458 2026 2546 κέντρον
2073 2455 2316 2544 βάρεος
2358 2453 2428 2520 τί

400 2567 470 2626 Χ
507 2574 805 2646 σαμεῖον.
896 2565 1019 2630 τοῦ
1076 2559 1207 2650 ἄρα
1254 2571 1318 2629 Α
1328 2571 1397 2630 Δ
1408 2569 1540 2630 ΕΓ
1576 2562 1788 2649 τόμου
1834 2566 2121 2632 ἐσσείται
2165 2560 2242 2630 τὸ
2288 2563 2440 2630 κέν-

399 2692 563 2755 τρον
608 2672 731 2736 τοῦ
777 2666 1020 2758 βάρεος
1068 2669 1174 2737 ἐπὶ
1219 2673 1339 2749 τοῖς
1385 2667 1486 2738 ἐπ’
1539 2666 1811 2749 εὐθείας
1854 2673 1936 2758 τᾷ
1984 2677 2054 2736 Χ
2056 2677 2115 2736 Ρ
2151 2667 2273 2737 τὸν
2320 2665 2441 2736 αὐ-

398 2772 520 2841 τὸν
565 2776 717 2864 ποτὶ
765 2772 979 2844 αὐτὰν
1026 2774 1234 2861 λόγον
1283 2776 1583 2864 ἐχούσας,
1638 2772 1720 2844 ὃν
1768 2781 1898 2864 ἔχει
1949 2773 1985 2844 ὁ
2033 2775 2237 2862 τόμος
2281 2775 2438 2843 ποτὶ

293 2891 360 2941 25
398 2877 491 2946 τὸ·
533 2877 773 2948 λοιπὸν
826 2884 1067 2967 τμᾶμα.
1162 2885 1344 2948 ἔστιν
1402 2880 1477 2948 δὲ
1522 2877 1598 2947 τὸ
1645 2887 1692 2946 Ι
1733 2893 2028 2966 σαμεῖον.
2122 2882 2261 2951 ἐπεὶ
2307 2879 2438 2970 γὰρ

398 2988 517 3064 τᾶς
580 2985 703 3071 μὲν
752 2993 883 3053 ’ΖΒ
929 2991 1081 3076 τρία
1138 2988 1397 3072 πέμπτα
1455 2987 1635 3055 ἐστὶν
1692 2982 1733 3052 ἆ
1789 2993 1939 3075 ΒΡ,
2002 2991 2124 3067 τᾶς
2179 2987 2254 3056 δὲ
2297 2994 2437 3056 ΗΒ

546 3185 594 3235 1.
624 3180 1001 3251 δεκαπλασία]
1032 3191 1057 3234 ῖ
1081 3179 1202 3248 FV;
1231 3182 1486 3251 ὃεκαπλῆ
1507 3182 1695 3252 uulgo.
1779 3188 1829 3237 2.
1859 3185 1924 3236 N
1932 3184 1999 3252 Ξ,
2027 3187 2094 3238 Ν
2101 3185 2176 3255 Ο]
2208 3184 2436 3254 seripsi3

399 3253 466 3304 Ν
469 3250 588 3309 ΞΟ
605 3249 668 3319 F,
692 3250 890 3320 uulgo;
921 3251 1107 3309 ENO
1124 3250 1430 3321 Toreffiu83
1461 3254 1659 3308 eadem
1679 3253 1867 3308 omnia
1885 3253 1981 3311 lin.
2002 3260 2054 3310 4.
2167 3262 2215 3310 3.
2237 3258 2374 3309 ΜΝ
2385 3257 2442 3308 Τ

396 3321 468 3388 F,
505 3320 707 3390 mulge,
753 3323 819 3375 ut
855 3321 953 3376 lin.
996 3328 1052 3389 1,
1090 3326 1151 3389 ὅ,
1198 3341 1251 3392 p.
1292 3328 1426 3389 234,
1463 3329 1547 3379 25.
1731 3331 1780 3380 4.
1821 3343 1979 3379 εσται
2014 3343 2116 3395 per
2152 3341 2334 3396 comp.
2371 3323 2438 3395 F,

396 3393 586 3462 uulgo,
706 3386 782 3453 ὥς
818 3386 893 3446 o‘t‘?
1012 3399 1061 3448 6.
1100 3395 1239 3463 ΞΝ,
1277 3394 1426 3465 ΝΟ]
1456 3394 1677 3466 scripsi3
1714 3395 1990 3465 ENGF3
2030 3399 2215 3456 ΞΝΟ
2239 3397 2433 3467 uulgo.

400 3469 451 3517 9.
502 3461 645 3518 εἰσιν
691 3459 758 3518 αἱ
799 3462 1075 3518 Tora-llius
1122 3481 1249 3518 cum
1294 3465 1548 3520 EutociO.
1733 3473 1818 3522 10.
1866 3470 2003 3522 MN
2010 3469 2088 3537 E,
2140 3471 2264 3523 ΟΝ
2273 3472 2326 3522 Τ
2367 3467 2433 3535 F,

402 3533 591 3603 uulgo.
742 3540 826 3588 11.
867 3538 1171 3606 ειλημμενη
1206 3535 1270 3603 F,
1306 3536 1497 3606 uulgO,
1533 3539 1599 3591 ut
1634 3536 1730 3591 lin.
1773 3543 1854 3592 17.
1977 3545 2059 3594 14.
2097 3542 2163 3594 Ν
2170 3539 2245 3610 Ο]
2283 3541 2348 3592 Ν
2355 3539 2434 3610 Θ]
