2659 3967
554 141 651 197 DE
690 140 800 212 IIS,
840 140 1035 210 QUAE
1073 141 1155 198 IN
1190 141 1482 200 HUMIDO
1525 143 1949 200 UEHUNTUR.
2134 145 2266 212 369

236 291 431 354 tanta
477 287 679 353 moles
726 286 1005 371 humidi,
1057 291 1301 372 quanta
1347 293 1449 355 est
1492 289 1876 377 magnitudo
1922 290 2014 375 A,
2067 289 2270 358 habet

242 395 639 481 grauitatem
693 394 1036 480 aequalem
1086 417 1240 473 ⁸eum
1295 396 1856 483 magnitudinibus
1901 397 1986 482 A,
2030 396 2117 482 D,
2160 420 2271 482 pa·

241 502 377 567 lam
422 505 540 586 est,
587 501 758 586 quod
803 501 1167 568 demersum
1212 503 1419 588 ipsius
1467 504 1593 570 erit
1627 504 2007 591 magnitudo
2043 504 2127 590 A,
2173 527 2272 570 re-

239 607 494 693 liquum
550 611 794 693 autem,
853 609 921 674 in
976 631 1103 694 quo
1150 608 1247 694 D,
1305 610 1428 676 erit
1482 613 1695 677 totum
1747 611 2022 696 desuper
2077 633 2274 696 supra

240 714 652 798 superficiem
714 713 981 781 humidi.
1074 715 1131 781 si
1197 716 1370 781 enim
1388 719 1448 798 †.
1531 718 1750 801 palam
1802 718 2035 805 igitur,
2097 717 2268 803 quod
2306 729 2338 780 ⁵

240 824 488 904 quanta
552 821 620 886 ui
674 821 1057 907 magnitudo
1113 821 1179 887 A
1232 821 1513 888 refertur
1567 822 1650 887 ad
1705 823 1997 909 superius
2007 873 2028 908 ,
2081 827 2272 889 tanta

239 926 325 993 ab
372 948 468 1012 e0,
514 925 687 1011 quod
732 949 928 1012 supra
974 930 1101 1012 est,
1146 927 1233 1013 D,
1278 929 1596 1013 premitur
1641 927 1725 994 ad
1768 928 2039 996 inferius
2049 979 2067 1014 ,
2116 951 2273 1015 quo·

241 1031 420 1096 niam
466 1038 702 1099 neutra
748 1055 787 1098 a
832 1037 1065 1100 neutra
1110 1035 1476 1119 expellitur.
1569 1034 1682 1101 sed
1725 1034 1796 1101 D
1840 1034 1922 1100 ad
1967 1036 2269 1103 deorsum

236 1138 477 1222 premit
530 1142 717 1204 tanta
771 1140 1125 1226 grauitate,
1181 1145 1430 1226 quanta
1482 1147 1584 1208 est
1637 1141 1724 1227 ἃς
1781 1145 2267 1228 supponebatur
2369 1133 2390 1155 ⁰

237 1245 411 1310 enim
459 1247 753 1332 grauitas
802 1247 965 1331 eius,
1012 1247 1082 1313 in
1126 1270 1255 1333 quo
1301 1247 1389 1332 D,
1434 1269 1575 1314 esse
1622 1248 1962 1334 aequalem
2005 1251 2137 1335 ipsi
2184 1251 2262 1318 G.
2307 1264 2372 1313 10

237 1350 462 1436 palam
507 1351 728 1438 igitur,
774 1354 945 1438 quod
991 1355 1344 1438 oportebat
1389 1352 1852 1421 demonstrare.

574 1546 1000 1613 Theorema
1046 1546 1193 1614 VII.
1282 1548 1736 1634 Propositio
1784 1546 1930 1614 VII.

370 1669 687 1737 Grauiora
757 1670 1023 1738 humido
1098 1673 1368 1739 dimissa
1439 1673 1509 1737 in
1571 1671 1911 1739 humidum
1975 1673 2267 1740 ferentur

233 1777 556 1864 deorsum,
598 1777 800 1844 donee
836 1779 1248 1864 descendant,
1285 1782 1350 1845 et
1386 1783 1577 1846 erunt
1611 1780 1858 1845 leuiora
1893 1779 1962 1844 in
1997 1778 2264 1846 humido

233 1887 511 1970 tantum,
557 1888 871 1971 quantum
917 1885 1117 1952 habet
1162 1886 1458 1974 grauitas
1494 1886 1747 1952 humidi
1783 1886 2084 1952 habentis
2122 1891 2262 1953 tan·
2304 1898 2370 1950 15

233 1994 372 2055 tam
420 1992 679 2077 molem,
726 1981 971 2078 (lua-uta
1018 1996 1119 2057 est
1164 1992 1368 2058 moles
1416 1991 1660 2058 solidae
1705 1992 2193 2078 magnitudinis,

370 2097 542 2181 quod
574 2090 849 2184 ‘quidem
894 2098 1143 2165 feretur
1186 2100 1257 2163 in
1297 2097 1618 2184 deorsum,
1665 2098 1868 2165 donee
1903 2098 2264 2184 descendat,

234 2201 473 2287 palam.
563 2208 785 2288 partes
846 2206 1019 2270 enim
1079 2193 1359 2290 humidi,
1420 2225 1584 2290 quae
1647 2205 1766 2270 sub
1827 2206 2060 2291 ipsius,
2118 2227 2263 2291 pre·

233 2313 499 2376 muntur
556 2311 768 2397 magis
826 2333 1023 2397 quam
1078 2315 1300 2397 partes
1357 2333 1435 2376 ex
1489 2334 1697 2398 aequo
1751 2312 1914 2397 ipsis
1958 2313 2265 2398 iacentes,

228 2416 539 2500 quoniam
588 2415 797 2482 solida
835 2416 1215 2503 magnitudo
1256 2419 1642 2503 supponitur
1676 2418 1942 2504 grauior
1974 2418 2259 2485 humido.
2297 2431 2370 2480 20

230 2521 406 2605 quod
451 2525 669 2589 autem
712 2522 963 2590 leuiora
1008 2527 1222 2610 erunt,
1276 2528 1352 2589 ut
1398 2525 1639 2590 dietum
1687 2529 1815 2609 est,
1860 2525 2261 2590 demonstra-

230 2625 427 2690 bitur.
520 2628 608 2693 sit
662 2629 834 2694 enim
891 2630 1107 2714 aliqua
1152 2630 1534 2715 magnitudo
1591 2651 1756 2713 quae
1800 2629 1893 2714 A,
1951 2651 2115 2722 quae
2163 2637 2262 2696 est

228 2731 501 2816 grauior
545 2733 830 2820 humido,
877 2736 1170 2819 grauitas
1216 2739 1435 2800 autem
1472 2734 1940 2819 magnitudinis
1980 2735 2261 2822 quidem,

227 2836 299 2900 in
344 2858 471 2920 qua
516 2839 607 2922 A,
659 2839 747 2904 sit
792 2861 955 2923 quae
1002 2839 1161 2925 BG,
1207 2839 1460 2905 humidi
1507 2843 1724 2906 autem
1779 2840 2078 2906 habentis
2125 2865 2260 2909 mo-

370 2999 421 3049 5.
461 2993 509 3050 si
545 2993 718 3067 enim]
760 3012 869 3053 om.
909 2993 1148 3063 Comm.;
1186 2997 1390 3052 lacuna
1425 2996 1651 3052 uidetur
1687 3013 1820 3054 esse.
1951 3004 1998 3054 ’1.
2040 3000 2151 3072 est]
2194 3005 2254 3072 ·s·

224 3064 510 3121 Tartalea.
641 3071 692 3122 8.
730 3068 930 3122 neutra
966 3084 1001 3122 a
1038 3067 1261 3140 neutra]
1300 3068 1357 3124 h.
1397 3084 1444 3122 e.
1483 3067 1747 3137 quoniam
1783 3069 2258 3139 aequilibritatem

230 3138 422 3192 seruat
457 3137 512 3190 A
535 3137 601 3206 ÷
620 3135 682 3191 D
708 3137 792 3192 ita
819 3137 1080 3207 positum,
1117 3141 1182 3193 ut
1208 3139 1263 3192 A
1290 3138 1352 3193 in
1378 3138 1610 3194 humido
1639 3139 1729 3208 sit,
1767 3139 1828 3193 D
1855 3142 2045 3196 autem
2071 3159 2254 3213 supra.

227 3208 375 3263 male
412 3206 659 3262 Nimius:
697 3208 878 3263 altera
915 3210 987 3265 ab
1025 3209 1218 3266 altera.
1333 3216 1417 3266 10.
1454 3209 1538 3281 D]
1576 3211 1745 3280 ‚‚9d“
1784 3210 2061 3266 Tar-talea.
2175 3219 2256 3270 13.

227 3277 573 3344 ‚,ferrentur“
620 3279 897 3334 Tartalea.
1076 3286 1158 3338 16.
1197 3281 1416 3348 ,‚mole“
1454 3281 1744 3348 Tartalea,
1791 3283 1856 3336 ut
1889 3281 1986 3338 lin.
2026 3287 2113 3337 24.

232 3354 313 3404 17.
354 3348 661 3417 „ferretur-‘⁸
709 3350 989 3408 Tartalea.
1146 3358 1229 3408 18.
1268 3352 1375 3407 sub
1421 3351 1621 3423 ipsius]
1671 3346 1778 3406 ὑπ’
1825 3345 2022 3409 αὐτοῦ.
2172 3359 2258 3409 19.

222 3420 421 3490 quam]
460 3423 678 3490 ‚,quae“
716 3420 994 3478 Tartalea.
1140 3439 1321 3491 aequo
1357 3422 1522 3494 ipsis]
1563 3439 1706 3493 „quo
1743 3422 1933 3493 ipsas“
1973 3425 2254 3486 Tartalea.

226 3495 316 3544 24.
354 3491 428 3545 sit
463 3492 632 3563 quae]
672 3489 809 3547 ἔστω
846 3489 911 3562 ἧς
949 3493 1206 3564 ,‚sitque“
1245 3494 1526 3550 Tartalea.

331 3589 650 3642 Archimedes,
676 3591 747 3632 ed.
772 3591 989 3642 Heiberg.
1034 3592 1098 3634 11.
1865 3589 1937 3638 24
