2659 3967
546 199 645 253 DE
684 199 795 269 IIS,
836 200 1032 267 QUAE
1069 200 1151 253 IN
1188 199 1481 255 HUMIDO
1521 200 1949 258 UEHUNTUR.
2130 202 2264 269 403

224 344 582 411 secundum
626 366 803 429 eam,
848 367 1011 430 quae
1055 367 1173 429 per
1214 346 1291 430 Z,
1339 367 1505 429 quae
1553 350 1770 413 autem
1816 347 1994 411 intra
2039 368 2263 413 secun·

226 451 381 517 dum
438 472 611 534 eam,
664 472 830 535 quae
876 472 994 535 per
1038 450 1129 529 G,
1184 452 1567 518 eleuabitur.
1657 474 1790 517 non
1835 456 2059 519 manet
2092 472 2264 537 -ergo

220 560 368 624 tota
425 557 644 640 portio
703 556 840 621 sine
896 556 1350 641 inclinatione,
1411 578 1530 622 nec
1587 558 1786 624 etiam
1846 560 2266 623 conuertetur
2341 578 2349 587 ·

216 666 343 749 ita,
397 668 474 728 ut
522 662 663 727 axis
720 663 810 728 sit
850 663 1404 748 perpendicularis
1452 684 1648 749 super
1693 664 2099 749 superficiem
2145 664 2262 728 hu-

219 770 399 855 midi,
445 770 755 854 quoniam
800 790 965 855 quac
1013 790 1089 834 ex
1134 773 1325 853 parte
1359 771 1421 835 L
1466 769 1788 854 deorsum,
1835 792 2002 855 quae
2039 775 2258 837 autem
2296 785 2332 833 5

220 900 301 943 ex
357 880 547 961 parte
590 877 657 941 A
712 876 795 941 ad
852 876 1191 961 superiora
1243 876 1536 941 ferentur
1579 880 1850 961 propter
1894 878 2260 963 proportio-

218 984 400 1050 nalia
444 983 637 1049 dictis
682 984 753 1047 in
795 981 1208 1066 praecedenti
1256 986 1348 1067 [p.
1395 983 1546 1067 396,
1597 984 1680 1049 10
1709 986 1852 1069 sq.].

258 1128 261 1131 ⁴
356 1092 411 1155 si
470 1092 691 1155 autem
744 1088 883 1154 axis
930 1089 1013 1154 ad
1056 1088 1398 1155 humidum
1443 1090 1648 1156 faciat
1693 1089 2007 1177 angulum
2055 1092 2260 1157 mino-

220 1219 360 1263 rem
408 1197 651 1281 angulo
696 1196 783 1278 B,
832 1196 1265 1261 consimiliter
1310 1196 1640 1283 prioribus
1686 1197 2260 1281 demonstrabitur,

217 1303 389 1389 quod
436 1324 568 1368 non
611 1302 902 1368 manebit
946 1290 1192 1387 portio,
1237 1303 1356 1368 sed
1401 1303 1843 1388 inclinabitur,
1889 1304 2092 1370 donec
2137 1306 2258 1369 uti·
2299 1318 2366 1366 10

220 1431 345 1495 que
394 1410 535 1475 axis
583 1409 667 1474 ad
703 1408 1110 1493 superficiem
1145 1407 1397 1473 humidi
1431 1410 1638 1475 faciat
1674 1410 1985 1495 angulum
2023 1434 2258 1496 aequa-

216 1518 346 1581 lem
395 1517 637 1601 angulo
685 1514 754 1580 B
800 1517 1012 1599 [prop.
1061 1516 1101 1581 8
1147 1537 1211 1599 p.
1258 1516 1410 1599 396,
1461 1517 1542 1583 18
1582 1516 1725 1601 sq.].

1189 1710 1270 1776 X.

347 1836 555 1901 Re'cta
617 1836 831 1917 portio
898 1836 1264 1922 rectanguli
1318 1835 1672 1901 conoidalis
1729 1834 1987 1919 quando
2045 1836 2254 1900 leuior

214 1943 499 2008 existens
544 1942 809 2009 humido
856 1943 1163 2009 habuerit
1200 1964 1388 2007 axem
1423 1942 1754 2024 maiorem,
1802 1962 1996 2026 quam
2032 1944 2107 2005 ut
2141 1941 2252 2005 ha-
2293 1954 2366 2003 15

213 2051 369 2114 beat
403 2050 891 2135 proportionem
931 2050 1013 2115 ad
1052 2071 1218 2133 eam,
1255 2070 1422 2133 quae
1457 2069 1664 2133 usque
1702 2048 1783 2111 ad
1812 2070 2018 2132 axem,
2055 2071 2252 2133 quam

212 2155 460 2221 habent
496 2157 860 2242 quindecim
888 2156 969 2221 ad
999 2161 1328 2242 quattuor,
1367 2154 1649 2219 demissa
1677 2154 1748 2219 in
1774 2152 2113 2220 humidum
2139 2154 2252 2240 ita,

215 2266 291 2326 ut
318 2262 495 2327 basis
524 2262 732 2346 ipsius
762 2285 896 2328 non
923 2266 1158 2349 tangat
1182 2261 1540 2345 humidum,
1577 2260 1962 2347 quandoque
1991 2261 2250 2346 quidem

215 2373 396 2433 recta
434 2369 770 2453 consistet,
812 2369 1201 2455 quandoque
1245 2372 1462 2434 autem
1491 2368 1823 2451 inclinata,
1870 2355 1937 2430 et
1963 2368 2250 2451 quando-

213 2497 338 2560 que
367 2476 629 2559 quidem
657 2476 755 2540 ita
780 2476 1111 2560 inclinata,
1140 2479 1214 2539 ut
1239 2476 1421 2541 basis
1448 2475 1655 2559 ipsius
1677 2473 2024 2543 secundum
2046 2496 2250 2538 unum
2287 2485 2362 2533 20

211 2584 474 2666 signum
526 2585 761 2673 tangat
808 2582 1215 2666 superficiem
1258 2580 1541 2664 humidi,
1600 2583 1666 2643 et
1709 2578 1835 2642 hoc
1880 2578 1950 2641 in
1999 2577 2247 2643 duabus

212 2687 748 2770 dispositionibus
784 2685 1069 2773 faciet¹>‚
1104 2691 1173 2752 et
1208 2686 1592 2771 quandoque
1633 2685 1728 2748 ita
1753 2682 2071 2775 inclinata
2099 2706 2247 2749 con-

212 2793 420 2877 sistet,
466 2796 541 2859 ut
585 2794 762 2858 basis
809 2794 1015 2877 ipsius
1064 2792 1420 2857 secundum
1461 2790 1844 2874 ampliorem
1883 2790 2096 2855 locum
2131 2791 2248 2855 hu-

206 2900 455 2984 mefiat,
510 2899 895 2984 quandoque
943 2901 1158 2963 autem
1205 2898 1328 2982 ita,
1390 2902 1464 2962 ut
1508 2896 1686 2961 basis
1731 2895 1937 2980 ipsius
1984 2918 2102 2961 nec
2149 2919 2244 2961 se-

357 3114 409 3182 1)
446 3112 512 3167 U.
549 3128 681 3182 pars
710 3110 815 3177 1113
864 3112 1015 3165 errat
1049 3109 1245 3177 Nizze;
1290 3108 1443 3163 idem
1479 3108 1628 3163 infra.
1662 3126 1716 3177 p.
1756 3112 1862 3162 404
1899 3105 1997 3161 lin.
2041 3113 2068 3161 1
2109 3106 2244 3161 addi

208 3184 397 3255 potuit
432 3184 587 3252 (pars
624 3182 679 3235 II
715 3183 775 3239 et
808 3182 902 3250 V).

352 3352 401 3399 4.
444 3344 633 3415 super]
664 3360 771 3397 om.
802 3342 1081 3397 Tartalea.
1192 3346 1241 3394 5.
1281 3341 1559 3408 deorsum,
1589 3356 1733 3409 quae
1761 3342 1953 3394 autem
1981 3354 2048 3393 ex
2077 3336 2242 3405 parte

208 3417 289 3486 Α]
330 3434 437 3471 om.
476 3415 766 3481 Tartalea3
804 3413 984 3485 suppl.
1024 3412 1235 3469 Comm.
1351 3418 1431 3469 16.
1471 3410 1639 3481 quae]
1681 3412 1922 3481 ‚,quam“
1952 3406 2239 3489 Tartalea.

210 3493 317 3627 (111818
320 3486 685 3613 3ῃέἓὲᾝὲιὲ
715 3486 1181 3556 „nonnunquam“
1214 3482 1426 3538 Comm.
1538 3488 1620 3536 19.
1650 3480 2013 3551 quandoque]
2045 3496 2241 3548 „qum-

1811 3638 1922 3695 26*
