<?xml version="1.0" encoding="UTF-8"?>
<!DOCTYPE html PUBLIC "-//W3C//DTD XHTML 1.0 Transitional//EN"
    "http://www.w3.org/TR/xhtml1/DTD/xhtml1-transitional.dtd">
<html xmlns="http://www.w3.org/1999/xhtml" xml:lang="en" lang="en">
 <head>
  <title>
</title>
<meta http-equiv="Content-Type" content="text/html;charset=utf-8" />
  <meta name='ocr-system' content='tesseract 3.04.00' />
  <meta name='ocr-capabilities' content='ocr_page ocr_carea ocr_par ocr_line ocrx_word'/>
</head>
<body>
  <div class='ocr_page' id='page_1' title='image "archimedisopera00heibgoog_0330.png"; bbox 0 0 2659 3967; ppageno 0'>
   <div class='ocr_carea' id='block_1_1' title="bbox 450 183 2028 247">
    <p class='ocr_par' dir='ltr' id='par_1_1' title="bbox 450 183 2028 247">
     <span class='ocr_line' id='line_1_1' title="bbox 450 183 2028 247; baseline -0.007 0"><span class='ocrx_word' id='word_1_1' title='bbox 450 183 584 247; x_wconf 83' lang='lat'><strong><em>318</em></strong></span> <span class='ocrx_word' id='word_1_2' title='bbox 906 183 1522 235; x_wconf 70' lang='lat' dir='ltr'>TETPAmmMoz</span> <span class='ocrx_word' id='word_1_3' title='bbox 1559 183 2028 236; x_wconf 75' lang='grc' dir='ltr'><strong>ΠΑΡΑΒΟΛΗΣ.</strong></span> 
     </span>
    </p>
   </div>
   <div class='ocr_carea' id='block_1_2' title="bbox 379 320 2494 1047">
    <p class='ocr_par' dir='ltr' id='par_1_2' title="bbox 379 320 2494 1047">
     <span class='ocr_line' id='line_1_2' title="bbox 447 320 2492 417; baseline 0.002 -27"><span class='ocrx_word' id='word_1_4' title='bbox 447 324 560 391; x_wconf 80' lang='grc' dir='ltr'><strong><em>καὶ</em></strong></span> <span class='ocrx_word' id='word_1_5' title='bbox 625 323 1059 411; x_wconf 83' lang='grc' dir='ltr'><strong><em>ἰσορροπήσει</em></strong></span> <span class='ocrx_word' id='word_1_6' title='bbox 1120 327 1213 417; x_wconf 77' lang='grc' dir='ltr'><strong><em>τῷ</em></strong></span> <span class='ocrx_word' id='word_1_7' title='bbox 1272 331 1327 390; x_wconf 92' lang='grc' dir='ltr'><strong><em>Ζ</em></strong></span> <span class='ocrx_word' id='word_1_8' title='bbox 1393 321 1506 390; x_wconf 75' lang='grc' dir='ltr'><strong><em>διὰ</em></strong></span> <span class='ocrx_word' id='word_1_9' title='bbox 1571 321 1652 389; x_wconf 81' lang='grc' dir='ltr'><strong><em>τὰ</em></strong></span> <span class='ocrx_word' id='word_1_10' title='bbox 1711 320 1883 390; x_wconf 80' lang='grc' dir='ltr'><strong><em>αὐτὰ</em></strong></span> <span class='ocrx_word' id='word_1_11' title='bbox 1937 337 2082 404; x_wconf 79' lang='grc' dir='ltr'><strong><em>τοῖς</em></strong></span> <span class='ocrx_word' id='word_1_12' title='bbox 2133 325 2492 414; x_wconf 84' lang='grc' dir='ltr'><strong><em>πρότερον.</em></strong></span> 
     </span>
     <span class='ocr_line' id='line_1_3' title="bbox 450 427 2494 518; baseline 0.001 -20"><span class='ocrx_word' id='word_1_13' title='bbox 450 429 589 498; x_wconf 77' lang='grc' dir='ltr'><strong><em>ἐπεὶ</em></strong></span> <span class='ocrx_word' id='word_1_14' title='bbox 636 429 713 498; x_wconf 75' lang='grc' dir='ltr'><strong><em>δὲ</em></strong></span> <span class='ocrx_word' id='word_1_15' title='bbox 758 433 1110 518; x_wconf 80' lang='grc' dir='ltr'><strong><em>ἰσορροπεῖ</em></strong></span> <span class='ocrx_word' id='word_1_16' title='bbox 1148 429 1225 498; x_wconf 88' lang='grc' dir='ltr'><strong><em>τὸ</em></strong></span> <span class='ocrx_word' id='word_1_17' title='bbox 1274 430 1624 517; x_wconf 77' lang='grc' dir='ltr'><strong><em>τραπέζιον</em></strong></span> <span class='ocrx_word' id='word_1_18' title='bbox 1661 427 2088 517; x_wconf 78' lang='grc' dir='ltr'><strong><em>κρεμάμενον</em></strong></span> <span class='ocrx_word' id='word_1_19' title='bbox 2121 430 2295 500; x_wconf 79' lang='grc' dir='ltr'><strong><em>κατὰ</em></strong></span> <span class='ocrx_word' id='word_1_20' title='bbox 2329 431 2414 500; x_wconf 83' lang='grc' dir='ltr'><strong><em>τὸ</em></strong></span> <span class='ocrx_word' id='word_1_21' title='bbox 2451 441 2494 500; x_wconf 89' lang='lat' dir='ltr'><em>I</em></span> 
     </span>
     <span class='ocr_line' id='line_1_4' title="bbox 446 533 2491 629; baseline 0.001 -26"><span class='ocrx_word' id='word_1_22' title='bbox 446 541 539 629; x_wconf 77' lang='grc' dir='ltr'><strong><em>τῷ</em></strong></span> <span class='ocrx_word' id='word_1_23' title='bbox 596 543 652 604; x_wconf 94' lang='grc' dir='ltr'>Ζ</span> <span class='ocrx_word' id='word_1_24' title='bbox 703 536 1093 627; x_wconf 72' lang='grc' dir='ltr'><strong><em>κρεμαμένω</em></strong></span> <span class='ocrx_word' id='word_1_25' title='bbox 1148 534 1315 604; x_wconf 78' lang='grc' dir='ltr'><strong><em>κατὰ</em></strong></span> <span class='ocrx_word' id='word_1_26' title='bbox 1369 533 1448 603; x_wconf 83' lang='grc' dir='ltr'><strong><em>τὸ</em></strong></span> <span class='ocrx_word' id='word_1_27' title='bbox 1492 544 1559 603; x_wconf 87' lang='grc' dir='ltr'><em>Α</em></span> <span class='ocrx_word' id='word_1_28' title='bbox 1569 586 1588 620; x_wconf 92' lang='grc'>,</span> <span class='ocrx_word' id='word_1_29' title='bbox 1643 533 1766 604; x_wconf 85' lang='grc' dir='ltr'><strong><em>τὸν</em></strong></span> <span class='ocrx_word' id='word_1_30' title='bbox 1823 533 2034 606; x_wconf 73' lang='grc' dir='ltr'><strong><em>αὐτὸν</em></strong></span> <span class='ocrx_word' id='word_1_31' title='bbox 2089 539 2219 619; x_wconf 79' lang='grc' dir='ltr'><strong><em>ἕξει</em></strong></span> <span class='ocrx_word' id='word_1_32' title='bbox 2275 539 2491 626; x_wconf 79' lang='grc' dir='ltr'><strong><em>λόγον</em></strong></span> 
     </span>
     <span class='ocr_line' id='line_1_5' title="bbox 445 637 2488 732; baseline 0 -19"><span class='ocrx_word' id='word_1_33' title='bbox 445 641 523 713; x_wconf 83' lang='grc' dir='ltr'><strong><em>τὸ</em></strong></span> <span class='ocrx_word' id='word_1_34' title='bbox 568 644 916 731; x_wconf 78' lang='grc' dir='ltr'><strong><em>τραπέζιον</em></strong></span> <span class='ocrx_word' id='word_1_35' title='bbox 960 642 1113 709; x_wconf 82' lang='grc' dir='ltr'><strong><em>ποτὶ</em></strong></span> <span class='ocrx_word' id='word_1_36' title='bbox 1156 639 1235 709; x_wconf 88' lang='grc' dir='ltr'><strong><em>τὸ</em></strong></span> <span class='ocrx_word' id='word_1_37' title='bbox 1285 649 1363 727; x_wconf 89' lang='grc' dir='ltr'><strong><em>Ζ,</em></strong></span> <span class='ocrx_word' id='word_1_38' title='bbox 1409 637 1494 708; x_wconf 83' lang='grc' dir='ltr'><strong><em>ὃν</em></strong></span> <span class='ocrx_word' id='word_1_39' title='bbox 1539 638 1582 708; x_wconf 80' lang='grc' dir='ltr'><strong><em>ἆ</em></strong></span> <span class='ocrx_word' id='word_1_40' title='bbox 1630 650 1762 710; x_wconf 87' lang='grc' dir='ltr'><strong><em>ΑΒ</em></strong></span> <span class='ocrx_word' id='word_1_41' title='bbox 1807 645 1960 711; x_wconf 79' lang='grc' dir='ltr'><strong><em>ποτὶ</em></strong></span> <span class='ocrx_word' id='word_1_42' title='bbox 2001 643 2130 712; x_wconf 82' lang='grc' dir='ltr'><strong><em>τὰν</em></strong></span> <span class='ocrx_word' id='word_1_43' title='bbox 2166 653 2296 714; x_wconf 87' lang='grc' dir='ltr'><strong><em>ΒΙ.</em></strong></span> <span class='ocrx_word' id='word_1_44' title='bbox 2375 650 2488 732; x_wconf 79' lang='grc' dir='ltr'><strong><em>δῆ-</em></strong></span> 
     </span>
     <span class='ocr_line' id='line_1_6' title="bbox 379 741 2492 838; baseline 0.003 -24"><span class='ocrx_word' id='word_1_45' title='bbox 379 764 412 813; x_wconf 82' lang='grc'>5</span> <span class='ocrx_word' id='word_1_46' title='bbox 447 756 571 817; x_wconf 82' lang='grc' dir='ltr'><strong><em>λον</em></strong></span> <span class='ocrx_word' id='word_1_47' title='bbox 618 741 768 835; x_wconf 82' lang='grc' dir='ltr'><strong><em>οὖν,</em></strong></span> <span class='ocrx_word' id='word_1_48' title='bbox 816 747 919 816; x_wconf 82' lang='grc' dir='ltr'><strong><em>ὅτι</em></strong></span> <span class='ocrx_word' id='word_1_49' title='bbox 962 749 1039 817; x_wconf 86' lang='grc' dir='ltr'><strong><em>τὸ</em></strong></span> <span class='ocrx_word' id='word_1_50' title='bbox 1072 755 1217 817; x_wconf 86' lang='grc' dir='ltr'><strong><em>ΔΚ</em></strong></span> <span class='ocrx_word' id='word_1_51' title='bbox 1226 754 1374 815; x_wconf 89' lang='grc' dir='ltr'><strong><em>ΕΗ</em></strong></span> <span class='ocrx_word' id='word_1_52' title='bbox 1401 748 1554 816; x_wconf 79' lang='grc' dir='ltr'><strong><em>ποτὶ</em></strong></span> <span class='ocrx_word' id='word_1_53' title='bbox 1589 747 1714 834; x_wconf 72' lang='grc' dir='ltr'><strong><em>μὲν</em></strong></span> <span class='ocrx_word' id='word_1_54' title='bbox 1748 749 1826 817; x_wconf 86' lang='grc' dir='ltr'><strong><em>τὸ</em></strong></span> <span class='ocrx_word' id='word_1_55' title='bbox 1867 757 1930 817; x_wconf 98' lang='lat' dir='ltr'><em>A</em></span> <span class='ocrx_word' id='word_1_56' title='bbox 1965 757 2236 837; x_wconf 85' lang='grc' dir='ltr'><strong><em>μείζονα</em></strong></span> <span class='ocrx_word' id='word_1_57' title='bbox 2277 752 2492 838; x_wconf 75' lang='grc' dir='ltr'><strong><em>λόγον</em></strong></span> 
     </span>
     <span class='ocr_line' id='line_1_7' title="bbox 446 853 2489 943; baseline 0.002 -20"><span class='ocrx_word' id='word_1_58' title='bbox 446 861 580 943; x_wconf 82' lang='grc' dir='ltr'><strong><em>ἔχει</em></strong></span> <span class='ocrx_word' id='word_1_59' title='bbox 626 853 669 942; x_wconf 81' lang='grc' dir='ltr'><em>ἢ</em></span> <span class='ocrx_word' id='word_1_60' title='bbox 714 856 868 923; x_wconf 82' lang='grc' dir='ltr'><strong><em>ποτὶ</em></strong></span> <span class='ocrx_word' id='word_1_61' title='bbox 902 853 979 924; x_wconf 90' lang='grc' dir='ltr'><strong><em>τὸ</em></strong></span> <span class='ocrx_word' id='word_1_62' title='bbox 1011 862 1088 942; x_wconf 91' lang='grc' dir='ltr'><strong><em>Ζ,</em></strong></span> <span class='ocrx_word' id='word_1_63' title='bbox 1133 855 1286 922; x_wconf 84' lang='grc' dir='ltr'><strong><em>ποτὶ</em></strong></span> <span class='ocrx_word' id='word_1_64' title='bbox 1326 854 1402 922; x_wconf 75' lang='grc' dir='ltr'><strong><em>δὲ</em></strong></span> <span class='ocrx_word' id='word_1_65' title='bbox 1438 853 1514 923; x_wconf 89' lang='grc' dir='ltr'><strong><em>τὸ</em></strong></span> <span class='ocrx_word' id='word_1_66' title='bbox 1544 863 1636 923; x_wconf 94' lang='grc' dir='ltr'><strong><em>Μ</em></strong></span> <span class='ocrx_word' id='word_1_67' title='bbox 1661 855 1994 924; x_wconf 78' lang='grc' dir='ltr'><strong><em>ἐλάσσονα</em></strong></span> <span class='ocrx_word' id='word_1_68' title='bbox 2030 853 2074 943; x_wconf 82' lang='grc' dir='ltr'><em>ἢ</em></span> <span class='ocrx_word' id='word_1_69' title='bbox 2112 859 2266 926; x_wconf 83' lang='grc' dir='ltr'><strong><em>ποτὶ</em></strong></span> <span class='ocrx_word' id='word_1_70' title='bbox 2304 859 2385 928; x_wconf 85' lang='grc' dir='ltr'><strong><em>τὸ</em></strong></span> <span class='ocrx_word' id='word_1_71' title='bbox 2419 868 2489 927; x_wconf 93' lang='grc' dir='ltr'><strong><em>Ζ.</em></strong></span> 
     </span>
     <span class='ocr_line' id='line_1_8' title="bbox 448 960 2492 1047; baseline 0.002 -17"><span class='ocrx_word' id='word_1_72' title='bbox 448 960 618 1030; x_wconf 72' lang='grc' dir='ltr'><strong><em>ὥστε</em></strong></span> <span class='ocrx_word' id='word_1_73' title='bbox 661 961 739 1030; x_wconf 90' lang='grc' dir='ltr'><strong><em>τὸ</em></strong></span> <span class='ocrx_word' id='word_1_74' title='bbox 778 969 833 1028; x_wconf 94' lang='grc' dir='ltr'>Ζ</span> <span class='ocrx_word' id='word_1_75' title='bbox 878 966 1001 1029; x_wconf 84' lang='grc' dir='ltr'><strong><em>τοῦ</em></strong></span> <span class='ocrx_word' id='word_1_76' title='bbox 1046 960 1171 1047; x_wconf 75' lang='grc' dir='ltr'><strong><em>μὲν</em></strong></span> <span class='ocrx_word' id='word_1_77' title='bbox 1201 969 1262 1028; x_wconf 93' lang='grc' dir='ltr'><em>Λ</em></span> <span class='ocrx_word' id='word_1_78' title='bbox 1308 960 1534 1047; x_wconf 86' lang='grc' dir='ltr'><strong><em>μεῖζόν</em></strong></span> <span class='ocrx_word' id='word_1_79' title='bbox 1581 963 1740 1047; x_wconf 81' lang='grc' dir='ltr'><strong><em>ἐστι,</em></strong></span> <span class='ocrx_word' id='word_1_80' title='bbox 1784 966 1910 1030; x_wconf 84' lang='grc' dir='ltr'><strong><em>τοῦ</em></strong></span> <span class='ocrx_word' id='word_1_81' title='bbox 1957 962 2033 1030; x_wconf 76' lang='grc' dir='ltr'><strong><em>δὲ</em></strong></span> <span class='ocrx_word' id='word_1_82' title='bbox 2059 969 2146 1031; x_wconf 93' lang='grc' dir='ltr'><strong><em>Μ</em></strong></span> <span class='ocrx_word' id='word_1_83' title='bbox 2175 969 2492 1034; x_wconf 81' lang='grc' dir='ltr'><strong><em>ἔλασσον.</em></strong></span> 
     </span>
    </p>
   </div>
   <div class='ocr_carea' id='block_1_3' title="bbox 331 1254 2492 2605">
    <p class='ocr_par' dir='ltr' id='par_1_3' title="bbox 1409 1254 1520 1310">
     <span class='ocr_line' id='line_1_9' title="bbox 1409 1254 1520 1310; baseline 0.009 -17"><span class='ocrx_word' id='word_1_84' title='bbox 1409 1254 1475 1310; x_wconf 76' lang='grc' dir='ltr'><strong><em>ιγ</em></strong></span> <span class='ocrx_word' id='word_1_85' title='bbox 1507 1280 1520 1294; x_wconf 93' lang='grc'><strong>.</strong></span> 
     </span>
    </p>

    <p class='ocr_par' dir='ltr' id='par_1_4' title="bbox 336 1366 2492 2518">
     <span class='ocr_line' id='line_1_10' title="bbox 560 1366 2492 1459; baseline 0.002 -23"><span class='ocrx_word' id='word_1_86' title='bbox 560 1368 777 1436; x_wconf 78' lang='grc' dir='ltr'><strong><em>’Έστω</em></strong></span> <span class='ocrx_word' id='word_1_87' title='bbox 835 1367 1039 1436; x_wconf 81' lang='grc' dir='ltr'><strong><em>πάλιν</em></strong></span> <span class='ocrx_word' id='word_1_88' title='bbox 1092 1366 1169 1436; x_wconf 87' lang='grc' dir='ltr'><strong><em>τὸ</em></strong></span> <span class='ocrx_word' id='word_1_89' title='bbox 1226 1367 1350 1456; x_wconf 75' lang='grc' dir='ltr'><strong><em>μὲν</em></strong></span> <span class='ocrx_word' id='word_1_90' title='bbox 1405 1377 1470 1435; x_wconf 90' lang='grc' dir='ltr'><em>Α</em></span> <span class='ocrx_word' id='word_1_91' title='bbox 1477 1374 1542 1436; x_wconf 92' lang='grc' dir='ltr'><strong><em>Γ</em></strong></span> <span class='ocrx_word' id='word_1_92' title='bbox 1591 1369 1850 1455; x_wconf 84' lang='grc' dir='ltr'><strong><em>ζύγιον,</em></strong></span> <span class='ocrx_word' id='word_1_93' title='bbox 1913 1369 2080 1438; x_wconf 79' lang='grc' dir='ltr'><strong><em>κατὰ</em></strong></span> <span class='ocrx_word' id='word_1_94' title='bbox 2139 1373 2356 1459; x_wconf 82' lang='grc' dir='ltr'><strong><em>μέσον</em></strong></span> <span class='ocrx_word' id='word_1_95' title='bbox 2413 1373 2492 1440; x_wconf 75' lang='grc' dir='ltr'><strong><em>δὲ</em></strong></span> 
     </span>
     <span class='ocr_line' id='line_1_11' title="bbox 340 1473 2488 1566; baseline 0.004 -28"><span class='ocrx_word' id='word_1_96' title='bbox 340 1487 406 1538; x_wconf 91' lang='grc'><strong><em>10</em></strong></span> <span class='ocrx_word' id='word_1_97' title='bbox 444 1473 661 1543; x_wconf 80' lang='grc' dir='ltr'><strong><em>αὐτοῦ</em></strong></span> <span class='ocrx_word' id='word_1_98' title='bbox 704 1473 780 1542; x_wconf 87' lang='grc' dir='ltr'><strong><em>τὸ</em></strong></span> <span class='ocrx_word' id='word_1_99' title='bbox 828 1481 918 1560; x_wconf 87' lang='grc' dir='ltr'><strong><em>Β,</em></strong></span> <span class='ocrx_word' id='word_1_100' title='bbox 974 1473 1050 1542; x_wconf 89' lang='grc' dir='ltr'><strong><em>τὸ</em></strong></span> <span class='ocrx_word' id='word_1_101' title='bbox 1101 1474 1176 1543; x_wconf 73' lang='grc' dir='ltr'><strong><em>δὲ</em></strong></span> <span class='ocrx_word' id='word_1_102' title='bbox 1220 1480 1291 1541; x_wconf 88' lang='grc' dir='ltr'><strong><em>Κ</em></strong></span> <span class='ocrx_word' id='word_1_103' title='bbox 1299 1481 1368 1540; x_wconf 90' lang='grc' dir='ltr'><em>Λ</em></span> <span class='ocrx_word' id='word_1_104' title='bbox 1385 1481 1509 1542; x_wconf 93' lang='grc' dir='ltr'><strong><em>ΤΡ</em></strong></span> <span class='ocrx_word' id='word_1_105' title='bbox 1542 1477 1921 1562; x_wconf 75' lang='grc' dir='ltr'><strong><em>τραπέζιον,</em></strong></span> <span class='ocrx_word' id='word_1_106' title='bbox 1978 1473 2148 1545; x_wconf 72' lang='grc' dir='ltr'><strong><em>ὥστε</em></strong></span> <span class='ocrx_word' id='word_1_107' title='bbox 2191 1476 2316 1558; x_wconf 78' lang='grc' dir='ltr'><strong><em>τὰς</em></strong></span> <span class='ocrx_word' id='word_1_108' title='bbox 2363 1479 2488 1566; x_wconf 75' lang='grc' dir='ltr'><strong><em>μὲν</em></strong></span> 
     </span>
     <span class='ocr_line' id='line_1_12' title="bbox 441 1578 2486 1669; baseline 0.002 -21"><span class='ocrx_word' id='word_1_109' title='bbox 441 1588 512 1648; x_wconf 86' lang='grc' dir='ltr'><strong><em>Κ</em></strong></span> <span class='ocrx_word' id='word_1_110' title='bbox 520 1589 616 1667; x_wconf 86' lang='grc' dir='ltr'><strong><em>Λ,</em></strong></span> <span class='ocrx_word' id='word_1_111' title='bbox 670 1587 795 1648; x_wconf 92' lang='grc' dir='ltr'><strong><em>ΤΡ</em></strong></span> <span class='ocrx_word' id='word_1_112' title='bbox 838 1579 1130 1669; x_wconf 76' lang='grc' dir='ltr'><strong><em>πλευρὰς</em></strong></span> <span class='ocrx_word' id='word_1_113' title='bbox 1184 1579 1516 1659; x_wconf 80' lang='grc' dir='ltr'><strong><em>νευούσας</em></strong></span> <span class='ocrx_word' id='word_1_114' title='bbox 1569 1578 1754 1667; x_wconf 85' lang='grc' dir='ltr'><strong><em>εἶμεν</em></strong></span> <span class='ocrx_word' id='word_1_115' title='bbox 1811 1582 1918 1650; x_wconf 83' lang='grc' dir='ltr'><strong><em>ἐπὶ</em></strong></span> <span class='ocrx_word' id='word_1_116' title='bbox 1971 1579 2048 1650; x_wconf 88' lang='grc' dir='ltr'><strong><em>τὸ</em></strong></span> <span class='ocrx_word' id='word_1_117' title='bbox 2099 1589 2173 1669; x_wconf 91' lang='grc' dir='ltr'><strong><em>Γ,</em></strong></span> <span class='ocrx_word' id='word_1_118' title='bbox 2228 1583 2356 1664; x_wconf 80' lang='grc' dir='ltr'><strong><em>τὰς</em></strong></span> <span class='ocrx_word' id='word_1_119' title='bbox 2412 1584 2486 1653; x_wconf 75' lang='grc' dir='ltr'><strong><em>δὲ</em></strong></span> 
     </span>
     <span class='ocr_line' id='line_1_13' title="bbox 442 1685 2484 1776; baseline 0.001 -20"><span class='ocrx_word' id='word_1_120' title='bbox 442 1697 510 1756; x_wconf 90' lang='grc' dir='ltr'><em>Δ</em></span> <span class='ocrx_word' id='word_1_121' title='bbox 526 1695 601 1773; x_wconf 92' lang='grc' dir='ltr'><strong><em>Τ,</em></strong></span> <span class='ocrx_word' id='word_1_122' title='bbox 646 1695 785 1756; x_wconf 87' lang='grc' dir='ltr'><strong><em>ΚΡ</em></strong></span> <span class='ocrx_word' id='word_1_123' title='bbox 818 1689 1145 1769; x_wconf 86' lang='grc' dir='ltr'><strong><em>καθέτους</em></strong></span> <span class='ocrx_word' id='word_1_124' title='bbox 1191 1687 1297 1755; x_wconf 81' lang='grc' dir='ltr'><strong><em>ἐπὶ</em></strong></span> <span class='ocrx_word' id='word_1_125' title='bbox 1342 1685 1468 1755; x_wconf 78' lang='grc' dir='ltr'><strong><em>τὰν</em></strong></span> <span class='ocrx_word' id='word_1_126' title='bbox 1503 1692 1644 1754; x_wconf 90' lang='grc' dir='ltr'><strong><em>ΒΓ.</em></strong></span> <span class='ocrx_word' id='word_1_127' title='bbox 1716 1689 2081 1776; x_wconf 80' lang='grc' dir='ltr'><strong><em>κρεμάσθω</em></strong></span> <span class='ocrx_word' id='word_1_128' title='bbox 2130 1690 2206 1758; x_wconf 77' lang='grc' dir='ltr'><strong><em>δὲ</em></strong></span> <span class='ocrx_word' id='word_1_129' title='bbox 2245 1692 2322 1758; x_wconf 77' lang='grc' dir='ltr'><strong><em>ἐκ</em></strong></span> <span class='ocrx_word' id='word_1_130' title='bbox 2359 1696 2484 1759; x_wconf 87' lang='grc' dir='ltr'><strong><em>τοῦ</em></strong></span> 
     </span>
     <span class='ocr_line' id='line_1_14' title="bbox 441 1790 2482 1883; baseline 0.001 -21"><span class='ocrx_word' id='word_1_131' title='bbox 441 1797 645 1880; x_wconf 75' lang='grc' dir='ltr'><strong><em>ζυγοῦ</em></strong></span> <span class='ocrx_word' id='word_1_132' title='bbox 689 1791 857 1862; x_wconf 74' lang='grc' dir='ltr'><strong><em>κατὰ</em></strong></span> <span class='ocrx_word' id='word_1_133' title='bbox 902 1792 985 1862; x_wconf 81' lang='grc' dir='ltr'><strong><em>τὰ</em></strong></span> <span class='ocrx_word' id='word_1_134' title='bbox 1024 1801 1104 1878; x_wconf 88' lang='grc' dir='ltr'><strong><em>Ε,</em></strong></span> <span class='ocrx_word' id='word_1_135' title='bbox 1140 1799 1232 1879; x_wconf 92' lang='grc' dir='ltr'><strong><em>Η,</em></strong></span> <span class='ocrx_word' id='word_1_136' title='bbox 1278 1790 1354 1861; x_wconf 90' lang='grc' dir='ltr'><strong><em>τὸ</em></strong></span> <span class='ocrx_word' id='word_1_137' title='bbox 1404 1792 1480 1860; x_wconf 77' lang='grc' dir='ltr'><strong><em>δὲ</em></strong></span> <span class='ocrx_word' id='word_1_138' title='bbox 1507 1799 1562 1859; x_wconf 94' lang='grc' dir='ltr'><strong><em>Ζ</em></strong></span> <span class='ocrx_word' id='word_1_139' title='bbox 1608 1799 1860 1883; x_wconf 80' lang='grc' dir='ltr'><strong><em>χωρίον</em></strong></span> <span class='ocrx_word' id='word_1_140' title='bbox 1905 1796 2270 1882; x_wconf 77' lang='grc' dir='ltr'><strong><em>κρεμάσθω</em></strong></span> <span class='ocrx_word' id='word_1_141' title='bbox 2307 1796 2482 1866; x_wconf 78' lang='grc' dir='ltr'><strong><em>κατὰ</em></strong></span> 
     </span>
     <span class='ocr_line' id='line_1_15' title="bbox 437 1898 2486 1992; baseline 0.002 -24"><span class='ocrx_word' id='word_1_142' title='bbox 437 1898 514 1968; x_wconf 85' lang='grc' dir='ltr'><strong><em>τὸ</em></strong></span> <span class='ocrx_word' id='word_1_143' title='bbox 579 1909 644 1969; x_wconf 89' lang='grc' dir='ltr'><em>Α</em></span> <span class='ocrx_word' id='word_1_144' title='bbox 700 1901 814 1968; x_wconf 83' lang='grc' dir='ltr'><strong><em>καὶ</em></strong></span> <span class='ocrx_word' id='word_1_145' title='bbox 878 1903 1315 1988; x_wconf 84' lang='grc' dir='ltr'><strong><em>ἰσορροπείτω</em></strong></span> <span class='ocrx_word' id='word_1_146' title='bbox 1379 1903 1472 1990; x_wconf 79' lang='grc' dir='ltr'><strong><em>τῷ</em></strong></span> <span class='ocrx_word' id='word_1_147' title='bbox 1535 1906 1681 1967; x_wconf 87' lang='grc' dir='ltr'><strong><em>ΔΚ</em></strong></span> <span class='ocrx_word' id='word_1_148' title='bbox 1695 1906 1820 1967; x_wconf 91' lang='grc' dir='ltr'><strong><em>ΤΡ</em></strong></span> <span class='ocrx_word' id='word_1_149' title='bbox 1873 1907 2196 1992; x_wconf 77' lang='grc' dir='ltr'><strong><em>τραπεζίῳ</em></strong></span> <span class='ocrx_word' id='word_1_150' title='bbox 2264 1901 2486 1982; x_wconf 77' lang='grc' dir='ltr'><strong><em>οὕτως</em></strong></span> 
     </span>
     <span class='ocr_line' id='line_1_16' title="bbox 336 2001 2480 2094; baseline 0.002 -20"><span class='ocrx_word' id='word_1_151' title='bbox 336 2024 402 2074; x_wconf 83' lang='grc'><strong><em>15</em></strong></span> <span class='ocrx_word' id='word_1_152' title='bbox 439 2011 681 2094; x_wconf 86' lang='grc' dir='ltr'><strong><em>ἔχοντι,</em></strong></span> <span class='ocrx_word' id='word_1_153' title='bbox 728 2004 819 2088; x_wconf 76' lang='grc' dir='ltr'><strong><em>ὥς</em></strong></span> <span class='ocrx_word' id='word_1_154' title='bbox 864 2011 997 2075; x_wconf 88' lang='grc' dir='ltr'><strong><em>νῦν</em></strong></span> <span class='ocrx_word' id='word_1_155' title='bbox 1040 2011 1265 2074; x_wconf 82' lang='grc' dir='ltr'><strong><em>κείται.</em></strong></span> <span class='ocrx_word' id='word_1_156' title='bbox 1357 2005 1468 2072; x_wconf 83' lang='grc' dir='ltr'><strong><em>καὶ</em></strong></span> <span class='ocrx_word' id='word_1_157' title='bbox 1517 2001 1600 2072; x_wconf 80' lang='grc' dir='ltr'><strong><em>ὃν</em></strong></span> <span class='ocrx_word' id='word_1_158' title='bbox 1645 2005 1770 2092; x_wconf 74' lang='grc' dir='ltr'><strong><em>μὲν</em></strong></span> <span class='ocrx_word' id='word_1_159' title='bbox 1815 2011 1949 2094; x_wconf 83' lang='grc' dir='ltr'><strong><em>ἔχει</em></strong></span> <span class='ocrx_word' id='word_1_160' title='bbox 1993 2007 2203 2094; x_wconf 77' lang='grc' dir='ltr'><strong><em>λόγον</em></strong></span> <span class='ocrx_word' id='word_1_161' title='bbox 2250 2007 2295 2076; x_wconf 78' lang='grc' dir='ltr'><em>ἆ</em></span> <span class='ocrx_word' id='word_1_162' title='bbox 2345 2018 2480 2078; x_wconf 89' lang='grc' dir='ltr'><strong><em>ΑΒ</em></strong></span> 
     </span>
     <span class='ocr_line' id='line_1_17' title="bbox 437 2108 2480 2200; baseline 0.001 -21"><span class='ocrx_word' id='word_1_163' title='bbox 437 2113 589 2181; x_wconf 82' lang='grc' dir='ltr'><strong><em>ποτὶ</em></strong></span> <span class='ocrx_word' id='word_1_164' title='bbox 634 2111 763 2180; x_wconf 79' lang='grc' dir='ltr'><strong><em>τάν</em></strong></span> <span class='ocrx_word' id='word_1_165' title='bbox 791 2119 940 2198; x_wconf 90' lang='grc' dir='ltr'><strong><em>ΒΕ,</em></strong></span> <span class='ocrx_word' id='word_1_166' title='bbox 985 2115 1230 2180; x_wconf 83' lang='grc' dir='ltr'><strong><em>τοῦτον</em></strong></span> <span class='ocrx_word' id='word_1_167' title='bbox 1269 2111 1468 2198; x_wconf 78' lang='grc' dir='ltr'><strong><em>ἐχέτω</em></strong></span> <span class='ocrx_word' id='word_1_168' title='bbox 1506 2108 1582 2178; x_wconf 86' lang='grc' dir='ltr'><strong><em>τὸ</em></strong></span> <span class='ocrx_word' id='word_1_169' title='bbox 1615 2117 1764 2178; x_wconf 86' lang='grc' dir='ltr'><strong><em>ΔΚ</em></strong></span> <span class='ocrx_word' id='word_1_170' title='bbox 1778 2118 1901 2178; x_wconf 94' lang='grc' dir='ltr'><strong><em>ΤΡ</em></strong></span> <span class='ocrx_word' id='word_1_171' title='bbox 1928 2115 2284 2200; x_wconf 80' lang='grc' dir='ltr'><strong><em>τραπέζιον</em></strong></span> <span class='ocrx_word' id='word_1_172' title='bbox 2321 2115 2480 2184; x_wconf 82' lang='grc' dir='ltr'><strong><em>ποτὶ</em></strong></span> 
     </span>
     <span class='ocr_line' id='line_1_18' title="bbox 437 2213 2480 2306; baseline 0.002 -22"><span class='ocrx_word' id='word_1_173' title='bbox 437 2217 514 2285; x_wconf 90' lang='grc' dir='ltr'><strong><em>τὸ</em></strong></span> <span class='ocrx_word' id='word_1_174' title='bbox 562 2224 625 2284; x_wconf 92' lang='lat' dir='ltr'><em>A</em></span> <span class='ocrx_word' id='word_1_175' title='bbox 668 2223 943 2306; x_wconf 76' lang='grc' dir='ltr'><strong><em>χωρίον,</em></strong></span> <span class='ocrx_word' id='word_1_176' title='bbox 991 2213 1073 2284; x_wconf 78' lang='grc' dir='ltr'><strong><em>ὃν</em></strong></span> <span class='ocrx_word' id='word_1_177' title='bbox 1121 2217 1197 2285; x_wconf 74' lang='grc' dir='ltr'><strong><em>δὲ</em></strong></span> <span class='ocrx_word' id='word_1_178' title='bbox 1242 2215 1450 2303; x_wconf 74' lang='grc' dir='ltr'><strong><em>λόγον</em></strong></span> <span class='ocrx_word' id='word_1_179' title='bbox 1489 2221 1628 2305; x_wconf 81' lang='grc' dir='ltr'><strong><em>’ἔχει</em></strong></span> <span class='ocrx_word' id='word_1_180' title='bbox 1673 2214 1716 2283; x_wconf 78' lang='grc' dir='ltr'>ἁ</span> <span class='ocrx_word' id='word_1_181' title='bbox 1764 2225 1894 2284; x_wconf 89' lang='grc' dir='ltr'><strong><em>ΑΒ</em></strong></span> <span class='ocrx_word' id='word_1_182' title='bbox 1940 2219 2093 2287; x_wconf 81' lang='grc' dir='ltr'><strong><em>ποτὶ</em></strong></span> <span class='ocrx_word' id='word_1_183' title='bbox 2137 2219 2268 2288; x_wconf 83' lang='grc' dir='ltr'><strong><em>τάν</em></strong></span> <span class='ocrx_word' id='word_1_184' title='bbox 2313 2229 2480 2306; x_wconf 87' lang='grc' dir='ltr'><strong><em>ΒΗ,</em></strong></span> 
     </span>
     <span class='ocr_line' id='line_1_19' title="bbox 437 2319 2482 2413; baseline 0.002 -23"><span class='ocrx_word' id='word_1_185' title='bbox 437 2327 682 2392; x_wconf 86' lang='grc' dir='ltr'><strong><em>τοῦτον</em></strong></span> <span class='ocrx_word' id='word_1_186' title='bbox 738 2323 933 2411; x_wconf 80' lang='grc' dir='ltr'><strong><em>ἐχέτω</em></strong></span> <span class='ocrx_word' id='word_1_187' title='bbox 978 2320 1055 2390; x_wconf 87' lang='grc' dir='ltr'><strong><em>τὸ</em></strong></span> <span class='ocrx_word' id='word_1_188' title='bbox 1104 2319 1269 2390; x_wconf 84' lang='grc' dir='ltr'><strong><em>αὐτὸ</em></strong></span> <span class='ocrx_word' id='word_1_189' title='bbox 1315 2323 1666 2410; x_wconf 82' lang='grc' dir='ltr'><strong><em>τραπέζιον</em></strong></span> <span class='ocrx_word' id='word_1_190' title='bbox 1712 2323 1864 2392; x_wconf 81' lang='grc' dir='ltr'><strong><em>ποτὶ</em></strong></span> <span class='ocrx_word' id='word_1_191' title='bbox 1909 2321 1986 2392; x_wconf 86' lang='grc' dir='ltr'><strong><em>τὸ</em></strong></span> <span class='ocrx_word' id='word_1_192' title='bbox 2034 2332 2131 2392; x_wconf 83' lang='grc' dir='ltr'><strong><em>Μ</em></strong></span> <span class='ocrx_word' id='word_1_193' title='bbox 2226 2324 2482 2413; x_wconf 80' lang='grc' dir='ltr'><strong><em>ὁμοίως</em></strong></span> 
     </span>
     <span class='ocr_line' id='line_1_20' title="bbox 440 2426 2481 2518; baseline 0.002 -21"><span class='ocrx_word' id='word_1_194' title='bbox 440 2427 523 2516; x_wconf 79' lang='grc' dir='ltr'><strong><em>δὴ</em></strong></span> <span class='ocrx_word' id='word_1_195' title='bbox 570 2433 662 2517; x_wconf 77' lang='grc' dir='ltr'><strong><em>τῷ</em></strong></span> <span class='ocrx_word' id='word_1_196' title='bbox 709 2427 1039 2518; x_wconf 89' lang='grc' dir='ltr'><strong><em>πρότερον</em></strong></span> <span class='ocrx_word' id='word_1_197' title='bbox 1087 2429 1510 2514; x_wconf 82' lang='grc' dir='ltr'><strong><em>ὃειχθησέται</em></strong></span> <span class='ocrx_word' id='word_1_198' title='bbox 1555 2426 1632 2496; x_wconf 85' lang='grc' dir='ltr'><strong><em>τὸ</em></strong></span> <span class='ocrx_word' id='word_1_199' title='bbox 1681 2437 1736 2496; x_wconf 92' lang='grc' dir='ltr'><strong><em>Ζ</em></strong></span> <span class='ocrx_word' id='word_1_200' title='bbox 1779 2432 1903 2497; x_wconf 87' lang='grc' dir='ltr'><strong><em>τοῦ</em></strong></span> <span class='ocrx_word' id='word_1_201' title='bbox 1949 2428 2074 2514; x_wconf 73' lang='grc' dir='ltr'><strong><em>μὲν</em></strong></span> <span class='ocrx_word' id='word_1_202' title='bbox 2115 2437 2178 2497; x_wconf 93' lang='lat' dir='ltr'><em>A</em></span> <span class='ocrx_word' id='word_1_203' title='bbox 2224 2439 2481 2518; x_wconf 83' lang='grc' dir='ltr'><strong><em>μεῖζον,</em></strong></span> 
     </span>
    </p>

    <p class='ocr_par' dir='ltr' id='par_1_5' title="bbox 331 2535 1162 2605">
     <span class='ocr_line' id='line_1_21' title="bbox 331 2535 1162 2605; baseline -0.005 0"><span class='ocrx_word' id='word_1_204' title='bbox 331 2556 401 2605; x_wconf 84' lang='lat'><strong><em>20</em></strong></span> <span class='ocrx_word' id='word_1_205' title='bbox 440 2540 562 2604; x_wconf 84' lang='grc' dir='ltr'><strong><em>τοῦ</em></strong></span> <span class='ocrx_word' id='word_1_206' title='bbox 610 2535 686 2604; x_wconf 77' lang='grc' dir='ltr'><strong><em>δὲ</em></strong></span> <span class='ocrx_word' id='word_1_207' title='bbox 730 2538 822 2604; x_wconf 88' lang='grc' dir='ltr'><strong><em>Μ</em></strong></span> <span class='ocrx_word' id='word_1_208' title='bbox 857 2540 1162 2603; x_wconf 83' lang='grc' dir='ltr'><strong><em>ἔλασσον.</em></strong></span> 
     </span>
    </p>
   </div>
   <div class='ocr_carea' id='block_1_4' title="bbox 436 2764 2476 3102">
    <p class='ocr_par' dir='ltr' id='par_1_6' title="bbox 436 2764 2476 3102">
     <span class='ocr_line' id='line_1_22' title="bbox 1397 2764 1511 2832; baseline 0.009 -1"><span class='ocrx_word' id='word_1_209' title='bbox 1397 2764 1511 2832; x_wconf 80' lang='grc' dir='ltr'><strong><em>ιδ’.</em></strong></span> 
     </span>
     <span class='ocr_line' id='line_1_23' title="bbox 550 2904 2476 2997; baseline 0.001 -19"><span class='ocrx_word' id='word_1_210' title='bbox 550 2909 771 2978; x_wconf 78' lang='grc' dir='ltr'><strong><em>’Έστω</em></strong></span> <span class='ocrx_word' id='word_1_211' title='bbox 807 2914 1031 2997; x_wconf 84' lang='grc' dir='ltr'><strong><em>τμᾶμα</em></strong></span> <span class='ocrx_word' id='word_1_212' title='bbox 1066 2908 1143 2977; x_wconf 89' lang='grc' dir='ltr'><strong><em>τὸ</em></strong></span> <span class='ocrx_word' id='word_1_213' title='bbox 1173 2913 1375 2976; x_wconf 54' lang='lat' dir='ltr'><strong><em>Bm*</em></strong></span> <span class='ocrx_word' id='word_1_214' title='bbox 1391 2905 1865 2995; x_wconf 85' lang='grc' dir='ltr'><strong><em>περιεχόμενον</em></strong></span> <span class='ocrx_word' id='word_1_215' title='bbox 1894 2904 2027 2974; x_wconf 84' lang='grc' dir='ltr'><strong><em>ὑπὸ</em></strong></span> <span class='ocrx_word' id='word_1_216' title='bbox 2057 2905 2336 2990; x_wconf 79' lang='grc' dir='ltr'><strong><em>εὐθείας</em></strong></span> <span class='ocrx_word' id='word_1_217' title='bbox 2361 2913 2476 2980; x_wconf 78' lang='grc' dir='ltr'><strong><em>καὶ</em></strong></span> 
     </span>
     <span class='ocr_line' id='line_1_24' title="bbox 436 3011 2472 3102; baseline 0 -16"><span class='ocrx_word' id='word_1_218' title='bbox 436 3018 868 3102; x_wconf 78' lang='grc' dir='ltr'><strong><em>ὀρθογωνίου</em></strong></span> <span class='ocrx_word' id='word_1_219' title='bbox 902 3014 1130 3083; x_wconf 76' lang='grc' dir='ltr'><strong><em>κώνου</em></strong></span> <span class='ocrx_word' id='word_1_220' title='bbox 1166 3017 1394 3101; x_wconf 80' lang='grc' dir='ltr'><strong><em>τομᾶς.</em></strong></span> <span class='ocrx_word' id='word_1_221' title='bbox 1459 3018 1624 3080; x_wconf 81' lang='grc' dir='ltr'><strong><em>ἔστω</em></strong></span> <span class='ocrx_word' id='word_1_222' title='bbox 1666 3011 1748 3100; x_wconf 76' lang='grc' dir='ltr'><strong><em>δὴ</em></strong></span> <span class='ocrx_word' id='word_1_223' title='bbox 1789 3018 2055 3100; x_wconf 75' lang='grc' dir='ltr'><strong><em>πρῶτον</em></strong></span> <span class='ocrx_word' id='word_1_224' title='bbox 2093 3013 2135 3082; x_wconf 79' lang='grc' dir='ltr'><strong><em>ἆ</em></strong></span> <span class='ocrx_word' id='word_1_225' title='bbox 2166 3021 2303 3084; x_wconf 90' lang='grc' dir='ltr'><strong><em>ΒΓ</em></strong></span> <span class='ocrx_word' id='word_1_226' title='bbox 2319 3017 2472 3086; x_wconf 85' lang='grc' dir='ltr'><strong><em>ποτ’</em></strong></span> 
     </span>
    </p>
   </div>
   <div class='ocr_carea' id='block_1_5' title="bbox 434 3161 787 3172">
    <p class='ocr_par' dir='ltr' id='par_1_7' title="bbox 434 3161 787 3172">
     <span class='ocr_line' id='line_1_25' title="bbox 434 3161 787 3172; baseline 0 795"><span class='ocrx_word' id='word_1_227' title='bbox 434 3161 787 3172; x_wconf 95' lang='lat' dir='ltr'><strong><em> </em></strong></span> 
     </span>
    </p>
   </div>
   <div class='ocr_carea' id='block_1_6' title="bbox 431 3241 2472 3532">
    <p class='ocr_par' dir='ltr' id='par_1_8' title="bbox 431 3241 2472 3532">
     <span class='ocr_line' id='line_1_26' title="bbox 581 3241 2471 3320; baseline -0.001 -18"><span class='ocrx_word' id='word_1_228' title='bbox 581 3254 628 3302; x_wconf 90' lang='grc'><strong><em>1.</em></strong></span> <span class='ocrx_word' id='word_1_229' title='bbox 665 3246 741 3320; x_wconf 81' lang='grc' dir='ltr'><strong><em>τῷ</em></strong></span> <span class='ocrx_word' id='word_1_230' title='bbox 819 3266 889 3300; x_wconf 86' lang='grc' dir='ltr'><strong><em>τα</em></strong></span> <span class='ocrx_word' id='word_1_231' title='bbox 925 3246 995 3311; x_wconf 81' lang='lat' dir='ltr'><strong><em>F;</em></strong></span> <span class='ocrx_word' id='word_1_232' title='bbox 1046 3261 1187 3300; x_wconf 85' lang='lat' dir='ltr'><strong>corr.</strong></span> <span class='ocrx_word' id='word_1_233' title='bbox 1226 3245 1348 3299; x_wconf 88' lang='lat' dir='ltr'><strong><em>AB.</em></strong></span> <span class='ocrx_word' id='word_1_234' title='bbox 1495 3250 1543 3300; x_wconf 79' lang='lat'><strong><em>2.</em></strong></span> <span class='ocrx_word' id='word_1_235' title='bbox 1584 3241 1907 3315; x_wconf 80' lang='grc' dir='ltr'><strong><em>ἰσορροπεῖ]</em></strong></span> <span class='ocrx_word' id='word_1_236' title='bbox 1952 3264 2038 3298; x_wconf 86' lang='grc' dir='ltr'><strong><em>-ει</em></strong></span> <span class='ocrx_word' id='word_1_237' title='bbox 2078 3245 2139 3298; x_wconf 87' lang='lat' dir='ltr'><strong><em>in</em></strong></span> <span class='ocrx_word' id='word_1_238' title='bbox 2175 3263 2374 3301; x_wconf 75' lang='lat' dir='ltr'><strong>rasura</strong></span> <span class='ocrx_word' id='word_1_239' title='bbox 2412 3249 2471 3304; x_wconf 84' lang='lat' dir='ltr'><strong><em>F.</em></strong></span> 
     </span>
     <span class='ocr_line' id='line_1_27' title="bbox 433 3313 2472 3445; baseline -0.001 -69"><span class='ocrx_word' id='word_1_240' title='bbox 433 3327 483 3376; x_wconf 82' lang='lat'><strong><em>5.</em></strong></span> <span class='ocrx_word' id='word_1_241' title='bbox 522 3319 601 3445; x_wconf 48' lang='lat' dir='ltr'><strong><em>A}</em></strong></span> <span class='ocrx_word' id='word_1_242' title='bbox 636 3325 680 3373; x_wconf 81' lang='lat' dir='ltr'><em>A</em></span> <span class='ocrx_word' id='word_1_243' title='bbox 772 3316 839 3374; x_wconf 88' lang='lat' dir='ltr'><strong><em>V.</em></strong></span> <span class='ocrx_word' id='word_1_244' title='bbox 987 3323 1034 3372; x_wconf 80' lang='lat'><strong><em>7.</em></strong></span> <span class='ocrx_word' id='word_1_245' title='bbox 1076 3319 1233 3386; x_wconf 81' lang='grc' dir='ltr'><strong><em>μειζο</em></strong></span> <span class='ocrx_word' id='word_1_246' title='bbox 1270 3333 1398 3370; x_wconf 84' lang='lat' dir='ltr'><strong><em>cum</em></strong></span> <span class='ocrx_word' id='word_1_247' title='bbox 1435 3331 1618 3384; x_wconf 83' lang='lat' dir='ltr'><strong>comp.</strong></span> <span class='ocrx_word' id='word_1_248' title='bbox 1658 3332 1724 3368; x_wconf 86' lang='grc' dir='ltr'><strong><em>ον</em></strong></span> <span class='ocrx_word' id='word_1_249' title='bbox 1753 3313 1813 3368; x_wconf 88' lang='lat' dir='ltr'><strong><em>F.</em></strong></span> <span class='ocrx_word' id='word_1_250' title='bbox 1961 3321 2011 3372; x_wconf 88' lang='grc'><strong><em>9.</em></strong></span> <span class='ocrx_word' id='word_1_251' title='bbox 2050 3313 2223 3388; x_wconf 77' lang='grc' dir='ltr'><strong><em>κατά]</em></strong></span> <span class='ocrx_word' id='word_1_252' title='bbox 2264 3317 2366 3372; x_wconf 70' lang='grc' dir='ltr'><strong><em>καὶ</em></strong></span> <span class='ocrx_word' id='word_1_253' title='bbox 2407 3316 2472 3373; x_wconf 84' lang='grc' dir='ltr'><strong><em>τό</em></strong></span> 
     </span>
     <span class='ocr_line' id='line_1_28' title="bbox 432 3384 2470 3460; baseline -0.002 -11"><span class='ocrx_word' id='word_1_254' title='bbox 432 3395 577 3449; x_wconf 83' lang='lat' dir='ltr'><strong>Tore</strong></span> <span class='ocrx_word' id='word_1_255' title='bbox 602 3391 726 3446; x_wconf 80' lang='lat' dir='ltr'><strong>lius,</strong></span> <span class='ocrx_word' id='word_1_256' title='bbox 876 3395 959 3444; x_wconf 83' lang='lat'><strong><em>13.</em></strong></span> <span class='ocrx_word' id='word_1_257' title='bbox 1002 3389 1089 3460; x_wconf 91' lang='grc' dir='ltr'><strong><em>Η]</em></strong></span> <span class='ocrx_word' id='word_1_258' title='bbox 1142 3403 1252 3441; x_wconf 90' lang='lat' dir='ltr'><strong><em>om.</em></strong></span> <span class='ocrx_word' id='word_1_259' title='bbox 1297 3387 1358 3440; x_wconf 79' lang='lat' dir='ltr'><strong><em>F.</em></strong></span> <span class='ocrx_word' id='word_1_260' title='bbox 1501 3389 1876 3456; x_wconf 77' lang='grc' dir='ltr'><strong><em>κεκρεμασθω</em></strong></span> <span class='ocrx_word' id='word_1_261' title='bbox 1922 3384 1992 3457; x_wconf 87' lang='lat' dir='ltr'><strong><em>F,</em></strong></span> <span class='ocrx_word' id='word_1_262' title='bbox 2037 3388 2229 3458; x_wconf 79' lang='lat' dir='ltr'><strong>uulgO.</strong></span> <span class='ocrx_word' id='word_1_263' title='bbox 2379 3396 2470 3445; x_wconf 79' lang='lat'><strong><em>22.</em></strong></span> 
     </span>
     <span class='ocr_line' id='line_1_29' title="bbox 431 3453 2470 3532; baseline 0 -15"><span class='ocrx_word' id='word_1_264' title='bbox 431 3483 621 3532; x_wconf 83' lang='grc' dir='ltr'><strong><em>τμημα</em></strong></span> <span class='ocrx_word' id='word_1_265' title='bbox 655 3462 726 3528; x_wconf 78' lang='lat' dir='ltr'><strong><em>F;</em></strong></span> <span class='ocrx_word' id='word_1_266' title='bbox 764 3476 902 3515; x_wconf 82' lang='lat' dir='ltr'><strong>corr.</strong></span> <span class='ocrx_word' id='word_1_267' title='bbox 943 3458 1235 3515; x_wconf 69' lang='lat' dir='ltr'><strong>Torellius.</strong></span> <span class='ocrx_word' id='word_1_268' title='bbox 1362 3463 1446 3512; x_wconf 82' lang='lat'><strong><em>23.</em></strong></span> <span class='ocrx_word' id='word_1_269' title='bbox 1484 3453 1644 3528; x_wconf 80' lang='grc' dir='ltr'><strong><em>ποτ’]</em></strong></span> <span class='ocrx_word' id='word_1_270' title='bbox 1683 3475 1821 3525; x_wconf 84' lang='grc' dir='ltr'><strong><em>προς</em></strong></span> <span class='ocrx_word' id='word_1_271' title='bbox 1857 3473 1958 3527; x_wconf 85' lang='lat' dir='ltr'><strong><em>per</em></strong></span> <span class='ocrx_word' id='word_1_272' title='bbox 1994 3475 2176 3528; x_wconf 79' lang='lat' dir='ltr'><strong>comp.</strong></span> <span class='ocrx_word' id='word_1_273' title='bbox 2213 3460 2284 3528; x_wconf 82' lang='lat' dir='ltr'><strong><em>F;</em></strong></span> <span class='ocrx_word' id='word_1_274' title='bbox 2325 3477 2470 3518; x_wconf 86' lang='lat' dir='ltr'><strong>corr.</strong></span> 
     </span>
    </p>
   </div>
   <div class='ocr_carea' id='block_1_7' title="bbox 434 3532 946 3601">
    <p class='ocr_par' dir='ltr' id='par_1_9' title="bbox 434 3532 946 3601">
     <span class='ocr_line' id='line_1_30' title="bbox 434 3532 946 3601; baseline -0.008 -13"><span class='ocrx_word' id='word_1_275' title='bbox 434 3532 711 3588; x_wconf 74' lang='lat' dir='ltr'><strong>Torellius</strong></span> <span class='ocrx_word' id='word_1_276' title='bbox 750 3533 946 3601; x_wconf 80' lang='grc' dir='ltr'><strong><em>(ποτί).</em></strong></span> 
     </span>
    </p>
   </div>
   <div class='ocr_carea' id='block_1_8' title="bbox 2581 2041 2605 3106">
    <p class='ocr_par' dir='ltr' id='par_1_10' title="bbox 2581 2041 2605 3106">
     <span class='ocr_line' id='line_1_31' title="bbox 2581 2041 2605 3106; baseline 0 0"><span class='ocrx_word' id='word_1_277' title='bbox 2581 2041 2605 3106; x_wconf 95' lang='lat' dir='ltr'><strong><em> </em></strong></span> 
     </span>
    </p>
   </div>
  </div>
 </body>
</html>
