2659 3967
390 131 517 196 198
902 131 1291 184 ΕΙΠΠΕΔΩΝ
1326 132 1782 185 ῙΣΟΡΡΟΠΙΩΝ
1818 128 1908 185 Β’.

388 270 637 359 ὁμοίως
682 273 1067 360 διαιρέοντα
1110 271 1229 353 τὰς
1256 279 1436 359 ΜΝ,
1482 273 1626 356 Zeu.
1695 275 1982 343 ἐσσείται
2021 275 2097 344 δὲ
2132 276 2245 343 καὶ
2282 281 2426 346 τῶν

386 386 621 467 ΗΒΘ,
669 386 892 447 ΧΟΨ
945 377 1295 467 τριγώνων
1353 378 1435 446 τὰ
1503 381 1744 469 κέντρα
1800 385 1938 449 τῶν
1991 383 2257 469 βαρέων
2315 385 2425 452 ἐπὶ

383 491 511 554 τᾶν
556 493 727 574 ΒΝ,
778 493 883 558 OQ
940 483 1189 573 ὁμοίως
1240 491 1530 573 κείμενα.
1623 491 1842 573 ἔχοντι
1897 486 1982 576 δὴ
2037 487 2160 557 τὸν
2205 486 2424 558 αὐτὸν

384 593 591 681 λόγον
647 592 727 663 τὰ
784 594 1095 683 τραπέζια
1147 592 1261 660 καὶ
1306 590 1386 661 τὰ
1433 598 1746 681 τρίγωνα.
1838 598 2051 682 δῆλον
2097 587 2257 682 οὖν,
2317 594 2422 664 ὅτι

314 717 345 766 5
382 705 504 768 τοῦ
552 700 718 769 ὅλου
766 697 1253 788 εὐθυγράμμου
1286 704 1412 768 τοῦ
1450 702 1524 768 ἐν
1557 704 1652 792 τῷ
1683 706 1890 768 ΑΒΓ
1914 701 2199 789 τμάματι
2241 704 2424 788 ἐγγε-

380 807 772 897 γραμμένου
816 805 893 875 τὸ
941 806 1223 896 κέντρον
1267 810 1393 874 τοῦ
1437 805 1681 895 βάρεος
1726 805 1974 894 ὁμοίως
2011 812 2262 897 διαιρεῖ
2291 807 2423 876 τὰν

382 921 541 1001 BA,
587 915 699 982 καὶ
743 917 868 982 τοῦ
915 916 989 982 έν
1036 917 1127 1007 τῷ
1174 916 1388 991 ,ΞΟΠ
1423 913 1708 1000 τμάματι
1756 916 2295 1003 ἐγγεγραμμένου
2341 914 2420 984 τὸ

380 1022 663 1109 κέντρον
707 1025 829 1088 τοῦ
876 1019 1120 1109 βάρεος
1163 1018 1289 1088 τὰν
1341 1027 1478 1088 ΟΡ.
1571 1019 1734 1110 ὅπερ
1781 1025 1917 1089 ἔδει
1964 1022 2193 1103 δείξαι.

1357 1268 1444 1338 δ’.

276 1409 346 1462 10
515 1392 783 1475 Παντὸς
826 1390 1162 1480 τμάματος
1202 1394 1681 1483 περιεχομένου
1720 1391 1850 1462 ὑπὸ
1891 1393 2161 1474 εὐθείας
2197 1417 2267 1464 τε
2303 1397 2420 1464 καὶ

380 1497 811 1588 ὀρθογωνίου
850 1499 1076 1569 κώνου
1113 1503 1321 1586 τομᾶς
1358 1498 1433 1567 τὸ
1471 1501 1753 1588 κέντρον
1789 1505 1912 1569 τοῦ
1951 1499 2193 1589 βάρεός
2231 1504 2418 1571 ἐστιν

378 1607 484 1675 ἐπὶ
528 1612 649 1687 τᾶς
692 1612 817 1676 τοῦ
863 1610 1198 1695 τμάματος
1244 1607 1624 1694 διαμέτρου.

510 1718 678 1783 ἔστω
734 1719 988 1802 τμᾶμα,
1045 1711 1136 1793 ὥς
1182 1713 1475 1802 εἰρήται,
1531 1711 1606 1781 τὸ
1654 1718 1875 1798 ΑΒΓ,
1933 1704 2016 1781 οὗ
2064 1712 2423 1805 διάμετρος

378 1826 544 1890 ἔστω
605 1819 648 1888 ἆ
697 1829 849 1889 ΒΔ.
889 1829 892 1831 ’
944 1821 1271 1906 δεικτέον,
1336 1818 1440 1888 ὅτι
1493 1823 1616 1888 τοῦ
1674 1821 2033 1910 εἰρημένου
2076 1820 2419 1908 τμάματος

274 1940 339 1990 15
375 1926 453 1996 τὸ
498 1929 779 2016 κέντρον
824 1932 947 1995 τοῦ
993 1926 1238 2015 βάρεός
1284 1929 1466 1995 ἐστιν
1513 1928 1620 1996 ἐπὶ
1663 1933 1785 2007 τᾶς
1830 1935 1984 1995 ΒΔ.

512 2038 575 2102 εἰ
616 2032 747 2123 γὰρ
793 2034 916 2121 μή,
963 2037 1131 2101 ἔστω
1177 2031 1254 2101 τὸ
1302 2041 1384 2120 Ε,
1429 2033 1540 2100 καὶ
1588 2031 1679 2101 δι’
1732 2031 1944 2102 αὐτοῦ
1993 2033 2186 2122 ἄχθω
2233 2034 2417 2123 παρὰ

376 2139 502 2208 τάν
547 2148 686 2207 BA
740 2137 783 2206 ἆ
831 2146 973 2207 ΕΖ.
1063 2138 1175 2206 καὶ
1236 2138 1681 2228 ἐγγεγράφθω
1736 2144 1834 2220 ἐἰς
1886 2138 1962 2208 τὸ
2010 2145 2234 2228 τμᾶμα
2277 2149 2419 2231 τρί-

376 2272 603 2332 γωνον
648 2244 723 2314 τὸ
756 2251 961 2313 ΑΒΓ
997 2243 1122 2313 τάν
1170 2241 1385 2313 αὐτὰν
1431 2245 1636 2332 βάσιν
1673 2251 1828 2334 ἔχον
1865 2247 1978 2315 καὶ
2023 2245 2196 2330 ὕψος
2235 2257 2419 2317 ἴσον

376 2351 489 2419 καὶ
544 2348 627 2420 ὃν
684 2357 816 2439 ἔχει
867 2351 1077 2438 λόγον
1123 2348 1165 2418 o‘c
1215 2358 1337 2419 ΓΖ
1384 2352 1535 2421 ποτὶ
1582 2359 1746 2439 ΔΖ,
1801 2358 2046 2423 τοῦτον
2093 2356 2289 2443 ἐχέτω
2335 2356 2415 2425 τὸ

272 2472 342 2523 20
379 2463 585 2526 ΑΒΓ
630 2464 963 2547 τρίγωνον
1018 2459 1172 2526 ποτὶ
1228 2457 1303 2526 τὸ
1352 2464 1423 2526 Κ
1472 2465 1743 2547 χωρίον.
1837 2462 2282 2551 ἐγγεγράφθω
2340 2464 2420 2532 δὲ

375 2567 489 2634 καὶ
553 2561 1039 2652 εὐθύγραμμον
1095 2569 1191 2645 εἰς
1243 2563 1320 2633 τὸ
1379 2569 1605 2652 τμᾶμα
1658 2573 2042 2654 γνωρίμως,
2109 2566 2278 2636 ὥστε
2331 2567 2415 2636 τὰ

376 2670 892 2760 περιλειπόμενα
946 2669 1253 2757 τμάματα
1309 2671 1642 2741 ἐλάσσονα
1699 2669 1882 2759 εἶμεν
1935 2678 2059 2742 τοῦ
2114 2680 2246 2743 Κ..
2289 2679 2414 2743 τοῦ

378 2777 463 2866 δὴ
503 2778 1013 2866 ἐγγραφομένου
1050 2775 1541 2868 εὐθυγράμμου
1576 2776 1652 2868 τὸ
1690 2780 1970 2868 κέντρον
2008 2785 2130 2849 τοῦ
2169 2779 2419 2869 βάρεός

377 2888 559 2953 ’ἐστιν
606 2885 713 2952 ἐπὶ
758 2887 875 2962 τᾶς
919 2890 1075 2950 BA.
1150 2887 1315 2951 ἔστω
1362 2883 1438 2952 τὸ
1487 2891 1564 2970 Θ,
1611 2884 1723 2952 καὶ
1769 2886 2144 2974 ἐπεζεύχθω
2191 2884 2234 2954 ά
2283 2894 2420 2954 ΘΕ

521 3137 569 3184 1.
610 3131 742 3202 Qq]
792 3130 993 3200 scripsi
1038 3133 1198 3200 (quas
1242 3132 1466 3187 litteras
1514 3132 1688 3188 effiam
1732 3132 1791 3187 in
1837 3134 2018 3204 figura
2064 3152 2191 3190 cum
2228 3135 2271 3190 F
2319 3153 2410 3190 re-

377 3201 558 3272 astitui)
590 3202 698 3256 GT
721 3201 783 3269 F,
821 3202 1018 3272 uu1g03
1061 3217 1143 3273 §Q
1174 3201 1473 3258 Torellius.
1583 3221 1741 3259 εσται
1777 3221 1879 3274 per
1907 3222 2087 3275 comp.
2117 3207 2177 3272 F,
2214 3206 2410 3276 uulgo,

377 3280 426 3329 3.
466 3293 529 3343 εχ
532 3293 668 3328 ωντι
704 3271 773 3340 1³⁹3
813 3289 950 3329 corr.
1000 3245 1295 3330 Torellius.
1433 3271 1534 3346 δή]
1575 3275 1798 3344 scripsi,
1837 3277 1902 3330 δε
1939 3276 2001 3345 F,
2039 3277 2229 3347 uulgo.
2359 3284 2411 3332 6.

372 3365 438 3400 το
479 3347 530 3400 Ο
564 3346 634 3413 F·;
673 3361 809 3400 corr.
841 3342 962 3398 AB.
1074 3349 1124 3400 8.
1156 3361 1250 3398 επι
1286 3364 1392 3400 ταν
1424 3344 1490 3414 F,
1531 3363 1668 3401 corr.
1700 3345 1946 3402 Nimius·
2062 3353 2144 3402 15.
2183 3343 2274 3420 τό]
2312 3347 2414 3402 ad-

374 3415 521 3483 didi3
561 3433 669 3471 om.
709 3414 771 3487 F,
807 3417 997 3486 qugO,
1034 3418 1099 3471 ut
1135 3415 1233 3470 lin.
1278 3421 1359 3472 17.
1511 3423 1592 3474 19.
1631 3433 1770 3486 προς
1805 3435 1906 3487 per
1943 3435 2121 3489 comp.
2151 3419 2223 3486 F,
2262 3435 2408 3474 corr.

374 3485 672 3558 Toreuius,
710 3458 775 3544 οἷ’,
810 3487 907 3544 lin.
946 3493 1032 3543 20.
1156 3491 1240 3542 22.
1282 3505 1434 3543 ειναι
1469 3505 1570 3558 per
1606 3503 1785 3559 comp.
1825 3487 1893 3558 F,
1933 3506 2070 3545 corr.
2111 3488 2414 3547 Toranius,
